2970 5268
261 407 328 480 184
805 411 838 478 V

256 584 402 662 destitit,
414 595 452 652 ut
465 587 581 652 mulier
596 587 706 674 spatio
722 586 855 652 defessa
870 591 1019 654 vetusto.

256 711 362 766 mutat
377 703 462 766 enim
476 702 591 766 mundi
606 709 759 768 naturam
775 703 879 767 totius
893 712 1004 776 aetas,

257 840 299 882 ex
313 817 446 902 alioque
462 819 545 883 alius
560 825 670 884 status
686 819 841 904 excipere
856 819 966 882 omnia
981 816 1097 891 debet,

183 949 232 996 830
254 954 317 997 nec
331 942 442 997 manet
455 933 523 997 ulla
536 933 588 997 sui
602 933 714 997 similis
730 955 802 997 res:
814 933 924 997 omnia
937 934 1097 1020 migrant,

256 1049 367 1113 omnia
381 1055 564 1113 commutat
579 1057 699 1112 natura
715 1057 749 1112 et
763 1057 896 1112 vertere
912 1048 1015 1133 cogit.

255 1185 400 1250 namque
415 1163 495 1228 aliut
509 1163 673 1248 putrescit
688 1173 721 1228 et
735 1184 820 1227 aevo
836 1161 944 1227 debile
959 1163 1109 1249 languet,

256 1301 360 1365 porro
376 1279 458 1343 aliut
472 1279 627 1344 clarescit
642 1287 675 1343 et
690 1301 708 1341 e
724 1279 971 1364 contemptibus
987 1279 1070 1342 exit.

256 1394 304 1458 sic
318 1394 419 1480 igitur
433 1393 548 1458 mundi
562 1403 714 1458 naturam
730 1394 833 1459 totius
849 1401 944 1457 aetas

184 1523 232 1570 8³5
255 1517 380 1583 mutat,
392 1515 426 1572 et
441 1529 483 1572 ex
497 1508 561 1572 alio
577 1491 699 1573 terram
716 1517 823 1573 status
840 1507 964 1592 excipit
978 1507 1078 1582 alter,

258 1621 351 1708 quod
366 1632 446 1708 pote
461 1624 509 1687 uti
524 1631 687 1709 nequeat,
698 1623 808 1708 possit
822 1621 916 1707 quod
929 1643 998 1685 non
1012 1620 1089 1686 tulit
1103 1629 1195 1686 ante.

242 1739 248 1752 '
297 1736 472 1822 Multaque
487 1746 557 1802 tum
571 1738 670 1802 tellus
685 1738 783 1802 etiam
799 1745 955 1822 portenta
971 1755 1086 1800 creare

258 1859 411 1916 conatast
426 1830 509 1916 mira
522 1852 606 1917 facie
622 1853 843 1936 membrisque
859 1859 995 1926 coorta,

257 1965 507 2054 androgynum,
518 1968 749 2052 interutraque
763 1989 826 2032 nec
839 1977 952 2032 utrum
962 2015 970 2043 ‚
981 1967 1148 2050 utrimque
1163 1974 1344 2042 remotum,

187 2099 237 2144 suo
261 2083 344 2146 orba
357 2081 480 2170 pedum
496 2084 633 2170 partim,
644 2104 799 2146 manuum
813 2082 952 2147 viduata
966 2081 1125 2156 vicissim,

257 2205 350 2262 muta
363 2197 434 2261 sine
450 2219 508 2261 ore
524 2199 639 2272 etiam,
653 2198 724 2262 sine
739 2197 833 2262 voltu
848 2217 949 2262 caeca
962 2204 1112 2281 reperta,

257 2313 437 2398 vinctaque
451 2314 673 2378 membrorum
688 2335 749 2398 per
763 2320 872 2377 totum
887 2333 1011 2398 corpus
1026 2311 1192 2387 adhaesn,

257 2449 320 2492 nec
334 2427 446 2492 facere
460 2436 499 2492 ut
513 2435 653 2514 possent
668 2429 846 2513 quicquam
860 2449 923 2492 nec
939 2425 1059 2490 cedere
1075 2447 1244 2512 quoquam

256 2564 319 2606 nec
334 2544 440 2606 vitare
454 2541 575 2606 malum
589 2564 652 2605 nec
668 2563 798 2605 sumere
814 2541 906 2626 quod
921 2542 1010 2606 foret
1024 2563 1121 2606 usus.

186 2675 235 2721 845
257 2666 369 2721 cetera
384 2656 427 2719 de
441 2677 564 2742 genere
578 2656 644 2720 hoc
659 2663 809 2720 monstra
823 2677 863 2720 ac
877 2665 1036 2741 portenta
1051 2657 1202 2730 creabat,

258 2793 301 2834 ne
318 2771 493 2858 quiquam,
506 2771 661 2856 quoniam
675 2779 797 2835 natura
811 2772 992 2856 absterruit
1006 2781 1156 2846 auctum,

259 2909 321 2951 nec
336 2895 478 2973 potuere
493 2886 640 2973 cupitum
656 2888 775 2950 aetatis
791 2895 929 2972 tangere
943 2885 1059 2950 florem
1141 2912 1143 2920 ’

258 3023 321 3066 nec
335 3004 484 3089 reperire
499 3003 609 3068 cibum
623 3023 685 3066 nec
699 3001 789 3088 iungi
805 3023 865 3087 per
881 3000 1024 3067 Veneris
1039 3023 1108 3066 res.

258 3119 362 3182 multa
375 3117 527 3182 videmus
542 3119 625 3182 enim
643 3119 743 3182 rebus
759 3138 959 3181 concurrere
975 3117 1113 3192 debere,

187 3251 236 3297 850
259 3242 297 3296 ut
311 3231 530 3319 propagando
546 3233 678 3318 possint
692 3231 880 3317 procudere
895 3233 1021 3308 saecla3

260 3347 382 3433 pabula
397 3347 538 3433 primum
552 3356 590 3410 ut
604 3347 688 3420 sint,
698 3347 854 3430 genitalia
869 3343 992 3408 deinde
1008 3366 1069 3430 per
1083 3353 1176 3412 artus

259 3463 383 3526 semina
400 3481 466 3546 qua
481 3461 612 3546 possint
627 3461 781 3523 membris
796 3480 930 3523 manare
945 3461 1098 3535 remissa,

258 3575 447 3662 feminaque
462 3583 499 3640 ut
513 3575 659 3641 maribus
675 3574 829 3659 coniungi
844 3575 953 3659 possit
967 3595 1087 3652 avere,

258 3691 621 3775 mutuaqueinsinuent
634 3689 721 3753 iuter
735 3709 772 3752 se
787 3688 909 3776 gaudia
923 3697 1081 3777 uterquc.

187 3823 235 3868 aas
299 3805 472 3891 Multaque
487 3811 556 3868 tum
570 3804 736 3870 interiisse
751 3805 953 3870 animantum
968 3805 1080 3870 saecla
1093 3813 1266 3870 necessest

258 3941 320 3984 nec
334 3919 485 4005 potuisse
501 3919 722 4007 propagando
738 3920 925 4006 procudere
941 3922 1085 4008 prolem.

262 4154 310 4200 833
329 4150 426 4201 crescit
444 4149 454 4216 ΗΗ
481 4160 645 4206 comarum.
674 4153 683 4218 Η
710 4158 759 4204 838
778 4153 866 4222 potuit
895 4154 905 4220 Η
933 4157 982 4204 838
1001 4151 1065 4204 iacit
1091 4153 1101 4222 Η
1129 4157 1178 4205 838
1196 4150 1392 4223 Androgynem

261 4235 420 4286 interutras
439 4243 802 4306 necutramqueutrumque
829 4235 839 4302 Η
866 4241 913 4289 841
935 4235 1022 4288 Multa
1049 4235 1059 4304 Η
1087 4241 1136 4288 844
1156 4235 1229 4289 volet
1247 4237 1256 4304 Η
1275 4241 1325 4288 846
1343 4235 1390 4288 ab·

261 4317 359 4370 serruit
385 4315 396 4384 ΗΗ
425 4323 474 4371 850
493 4317 651 4388 procludere
677 4319 686 4388 Η
715 4325 763 4372 851
783 4320 900 4389 primunt
919 4320 929 4389 ΗΗ
956 4324 1005 4370 852
1024 4321 1113 4389 possis
1132 4319 1142 4387 Η
1160 4320 1293 4374 remissis.
1312 4319 1322 4388 Η
1341 4323 1389 4370 853

260 4401 358 4454 marius
377 4401 387 4469 Η
407 4402 495 4470 possis
514 4401 624 4454 babere.
645 4403 654 4470 Η
673 4409 720 4455 854
741 4401 835 4456 Mutua
857 4403 901 4472 qui
920 4409 1038 4454 metuent
