2990 5182
290 467 358 533 414
817 463 866 530 VI

287 611 347 704 cus
362 637 497 724 quidam
513 659 606 702 meus
622 637 837 702 doctissimus
859 637 1032 723 intelleget
1049 658 1099 701 me
1114 659 1182 702 nou
1197 645 1259 702 tam
1272 640 1365 703 incon·

285 739 432 805 siderate
455 757 554 820 quam
577 736 641 819 ipsi
663 735 755 798 visus
777 736 838 799 sim
854 734 992 800 Ottonis
1006 736 1114 800 Ialmii
1130 737 1365 802 emendationem

286 839 465 923 probasse,
488 855 555 918 qua
569 835 597 897 is
612 833 719 898 Persii
734 855 868 898 versum
883 857 912 908 v,
926 835 963 898 19
976 835 1012 898 in
1027 835 1163 899 eosdem
1178 857 1320 898 numeros
1332 837 1366 898 ita

286 934 453 1005 restituit,
469 933 543 996 Nou
564 933 701 1017 eqrddem
723 932 779 996 doc
798 934 921 1010 studeo,
941 935 945 1015 l
965 934 1142 1018 ampndldta'r
1162 946 1193 997 ut
1212 934 1281 997 mili
1298 936 1367 1018 irruit

286 1034 407 1118 Paciaa
421 1041 589 1114 turgescat.
611 1050 729 1093 versus
748 1029 964 1094 hexametros
978 1051 1048 1094 non
1063 1030 1208 1116 legitime
1221 1032 1330 1094 incisos
1341 1032 1366 1093 in

285 1130 381 1216 palisi
395 1128 516 1192 Latina
537 1127 617 1210 (sed
633 1128 691 1212 qui
705 1136 784 1212 post
797 1127 989 1192 Iuvenalem
1005 1127 1231 1213 scripserunt,
1251 1150 1303 1192 eos
1315 1149 1366 1191 non

284 1229 387 1311 curo)
407 1226 524 1310 paucis
539 1225 701 1289 Ennianis
717 1221 869 1310 exceptis
884 1227 949 1292 hos
964 1225 1057 1290 solos
1078 1227 1239 1312 cognovi,
1260 1225 1366 1290 Horatii

284 1329 390 1401 duos,
412 1326 547 1390 Veslmm
555 1337 700 1410 praetor,
721 1327 748 1388 ir
768 1326 943 1390 intestabilis
963 1337 992 1389 et
1010 1349 1100 1390 sacer
1114 1336 1191 1404 aaa,
1207 1325 1275 1390 Nou
1292 1325 1366 1410 queuis

282 1429 361 1490 uidet
373 1424 563 1489 inmodulata
571 1433 716 1508 poaamla
729 1423 823 1487 iudea
832 1471 845 1502 .,
865 1443 967 1486 unum
983 1423 1055 1488 Silii
1069 1423 1178 1488 Italici
1191 1423 1225 1486 in
1236 1419 1365 1494 verast,

287 1526 466 1588 Vullaamum
480 1543 615 1608 quasque
629 1531 757 1584 evertam
770 1521 890 1584 ulmeta
899 1522 1066 1606 Amyclae,-
1083 1522 1148 1584 etsi
1161 1541 1203 1584 ne
1214 1519 1245 1584 hi
1256 1519 1365 1604 quiden

282 1643 424 1707 prorsus
439 1618 563 1684 similes
578 1627 658 1682 sunt
673 1619 703 1682 ei
716 1639 815 1702 quem
825 1640 846 1681 a
858 1617 1064 1682 Terentiano
1077 1620 1198 1684 Mauro
1209 1615 1365 1682 lictumdo·

283 1721 335 1785 cui
351 1718 396 1782 ad
411 1717 510 1781 huius
524 1715 671 1780 libellum
686 1741 717 1802 p.
727 1739 809 1788 x111,
829 1716 915 1796 Quae
930 1739 999 1801 pua
1018 1719 1111 1802 lorsqu
1130 1719 1281 1782 rauscerat
1296 1737 1364 1778 caua

281 1841 394 1882 uacuare
402 1815 574 1900 parabant.
590 1812 651 1878 sed
663 1814 820 1878 Manilius
834 1815 870 1877 in
881 1837 902 1888 1,
914 1815 974 1878 194
985 1814 1122 1880 videtur
1137 1815 1302 1899 scripsisse
1312 1812 1363 1878 Ner

282 1939 351 1984 acro
364 1926 477 1978 aanor-a
491 1913 544 1977 riti
557 1913 743 1977 admiranda
756 1915 869 1990 uideri,
884 1933 952 1977 non
967 1915 1021 1977 aaa
1034 1925 1168 1978 natura.
1190 1933 1290 1997 neque
1302 1909 1364 1974 leni

177 2093 181 2100 Ι
282 2021 399 2100 potest
420 2011 511 2096 apud
531 2010 648 2075 Silium
667 2011 701 2075 in
722 2035 770 2086 111,
780 2011 841 2075 393
857 2015 905 2076 Aa
919 2013 1068 2076 Nebrissa
1092 2014 1252 2098 Dionysus
1268 2010 1364 2074 conscio

281 2114 407 2200 turrim
422 2110 479 2174 ubi
493 2118 587 2176 recte
601 2109 752 2195 Scaliger
766 2111 815 2174 dai
830 2111 978 2197 loyseau.

367 2208 577 2274 massin
598 2230 693 2271 vius
713 2231 869 2272 rnrmuu
884 2251 970 2262 -
985 2203 1364 2272 occursorumldaml·
1390 2240 1391 2252 1

281 2311 333 2374 lus
348 2329 481 2372 vinus.
496 2306 545 2370 ita
556 2306 635 2370 alibi
648 2305 748 2370 Multa
763 2307 907 2370 alcmana
919 2308 1018 2384 uider,
1030 2307 1174 2393 Denique
1188 2306 1276 2370 multa
1288 2303 1364 2366 aidau

281 2431 299 2470 e
315 2405 486 2472 contrario
506 2405 726 2489 Camemplalor
741 2405 839 2481 emm,
864 2405 1021 2490 Principio
1040 2407 1146 2470 maria
1159 2428 1197 2468 ac
1210 2416 1300 2468 taras
1311 2422 1363 2464 aaa·

280 2509 402 2590 iramque
422 2514 526 2567 urere.
555 2523 787 2566 coruscans
809 2501 1024 2568 scribendum
1047 2523 1123 2566 esse
1146 2501 1275 2567 ostendi
1294 2499 1361 2562 libro

280 2628 314 2678 ιι,
326 2603 401 2667 1061
416 2649 422 2663 .

366 2694 1364 2764 1069.Grnr1u1·:urrrmrsmumoomuorrooum.

281 2796 457 2880 Oblongus
469 2795 595 2871 aarum,
611 2791 798 2877 quadratus
813 2796 896 2858 tauri
909 2817 985 2858 uon.
1002 2797 1114 2880 aptius
1126 2807 1179 2862 est
1193 2796 1304 2860 Gluliue
1313 2804 1364 2854 lurc-

279 2897 348 2958 riuo
370 2913 449 2956 uuo
465 2939 474 2965 ‚
496 2899 534 2955 ut
548 2891 649 2978 paulo
665 2901 745 2975 post
760 2892 997 2980 Purpureusque
1011 2896 1090 2959 colos
1104 2895 1241 2982 conchyli
1252 2891 1364 2976 iungitur

278 3016 338 3056 acuo
356 2991 488 3076 Corpore
502 3013 570 3054 uam
593 2992 702 3070 lanae,
725 3001 760 3056 et
781 2992 917 3056 inversa
938 2994 1070 3057 ratione
1092 2995 1128 3058 in
1151 2995 1252 3059 verbo
1273 2989 1362 3054 actim

279 3092 419 3178 ‚Denique
432 3113 495 3154 aaa
511 3111 587 3153 auro
601 3113 650 3154 ras
666 3113 779 3154 aarum
793 3091 1014 3176 cumulat-uua?

364 3188 452 3253 1071.
468 3209 631 3263 rnuusa
654 3209 815 3252 vrucrn.
833 3188 1014 3253 Corrector
1030 3191 1169 3276 oblongi
1183 3207 1337 3254 vincor.

364 3283 452 3348 1072.
467 3305 588 3359 noun.
605 3285 787 3352 Corrcotor
799 3286 974 3370 quadrati,
989 3291 1175 3363 Antonine,
1192 3281 1362 3353 Brixicnsis

267 3391 403 3460 'locuni
417 3431 423 3444 .
439 3382 510 3446 dixi
525 3382 569 3446 ad
584 3405 719 3448 versum
734 3384 813 3448 552.

364 3480 688 3546 1076.n12.r0vnnr
709 3505 867 3548 orsunu
891 3507 983 3549 oss.
1005 3484 1110 3549 Iidem
1125 3497 1345 3548 asuovnrs.

362 3578 449 3640 1077.
465 3599 540 3640 vnn
551 3601 590 3642 rr
612 3601 772 3644 arcuna.
786 3579 962 3668 Oblongus
974 3584 1109 3647 uacare.
1120 3588 1288 3645 correct-or
1298 3593 1361 3659 qua·

277 3675 367 3741 drati
381 3683 416 3739 et
432 3674 594 3738 Marullus
611 3698 685 3739 unu
695 3699 789 3742 rua.

361 3774 449 3838 1078.
472 3773 659 3848 Dcnrous
688 3797 768 3838 riou
797 3799 866 3840 uss
894 3799 1001 3840 nuno
1032 3799 1167 3840 aunum
1199 3787 1359 3840 corum
1447 3833 1448 3858 ἢ

275 3896 353 3936 trun
368 3873 382 3934 'r‘
406 3871 583 3958 Oblongus
604 3896 665 3936 aaut
687 3874 829 3938 omittit.
853 3874 1039 3959 quadratus
1062 3899 1138 3939 arara
1161 3897 1265 3938 arum.
1284 3875 1358 3933 recu
1447 3903 1448 3938 ι

274 3969 384 4034 Faber
400 3973 540 4057 Denique
554 3994 615 4035 ucat
629 3993 734 4036 auno
750 3993 822 4036 uus
837 3996 967 4036 ararum.

360 4068 1356 4156 1075.Arnnounrnumuo.OptimeLambinusAnmcufl
1447 4077 1448 4112 l

240 4197 252 4214 x
275 4188 347 4229 nus
356 4167 498 4251 plumbo.

309 4317 311 4324 .
360 4264 671 4330 mueronem
694 4263 1352 4351 conrnrnnnunuu.Itaquadratusrl

272 4365 453 4427 Aventius:
476 4364 643 4450 oblongus
665 4377 756 4430 restat
777 4369 1008 4452 conspuendam,
1032 4389 1141 4452 neque
1162 4365 1253 4428 aliter
1267 4350 1354 4423 Italici

272 4471 305 4525 ct
319 4461 500 4527 Marullus.
991 4475 996 4482 ·
