2946 5188
635 471 666 538 ll

89 649 253 727 praeterea
268 649 406 706 cunctas
421 641 534 706 itidem
549 664 603 707 res
618 653 751 710 vertere
766 667 854 711 sese.

19 741 68 818 'us
89 763 215 820 vertunt
229 777 265 819 se
279 755 369 820 fluvii
384 755 522 821 frondes
539 767 573 822 et
587 760 710 843 pabule
724 760 813 824 laeta

89 871 118 932 iu
132 868 291 955 pecudes,
302 879 439 936 vertunt
453 870 601 957 pecudes
614 875 649 937 in
664 859 808 960 corpora
821 883 938 940 nostra

90 991 247 1060 naturam,
260 991 293 1049 et
306 993 423 1049 nostro
440 985 482 1050 de
498 1009 641 1072 corpore
656 1009 757 1073 saepe
771 987 916 1053 ferarum

90 1105 263 1183 augescunt
278 1099 365 1162 vires
382 1107 416 1163 et
431 1121 574 1188 corpora
587 1103 880 1188 pennipotentum.

89 1233 160 1296 orgo
175 1233 288 1277 omnes
303 1222 423 1278 nature
437 1215 530 1279 cibos
543 1217 577 1279 in
594 1237 738 1302 corpora
751 1217 830 1281 viva

27 1341 68 1388 seo
88 1328 180 1390 vertit
193 1334 227 1391 et
240 1327 319 1391 hinc
333 1349 450 1390 sensus
465 1330 667 1395 animantum
681 1339 839 1416 procreat
852 1351 982 1406 omnes,

89 1461 150 1504 non
163 1442 224 1505 alia
238 1441 337 1528 longe
352 1443 481 1506 ratione
496 1443 608 1530 adque
623 1443 717 1509 eride
730 1445 819 1530 ligna

88 1555 222 1642 explieat
235 1555 271 1617 in
284 1553 431 1620 llammas
447 1559 527 1622 etin
542 1559 626 1644 ignis
642 1559 754 1622 omnia
766 1567 894 1622 verset.

86 1669 184 1732 iamne
197 1669 293 1733 vides
308 1670 409 1756 igitur
423 1674 533 1759 magni
547 1671 731 1758 primordia
744 1693 856 1736 rerum

86 1781 199 1846 referre
214 1784 247 1848 in
264 1785 353 1870 quali
368 1785 434 1850 sint
448 1786 566 1851 ordine
580 1805 735 1871 quaeque
750 1786 859 1850 locata

31 1911 66 1958 sse
86 1905 115 1960 et
127 1899 300 1962 commixta
315 1899 435 1983 quibus
450 1898 533 1965 dent
545 1909 656 1965 motus
671 1898 925 1985 accipiantque?

120 2011 200 2074 Tum
214 2034 318 2098 porro
335 2012 415 2097 quid
428 2012 464 2076 id
483 2023 550 2090 est,
562 2015 704 2079 animum
719 2013 812 2102 quod
826 2016 989 2099 percutit,
1000 2015 1108 2100 ipsum

88 2123 169 2210 quod
182 2133 296 2190 movet
311 2135 345 2190 et
358 2127 470 2192 varios
485 2150 602 2192 sensus
619 2148 815 2220 expromere
831 2129 936 2212 cogit,
1107 2123 1109 2128 ’

86 2261 122 2302 ex
134 2239 341 2305 insensilibus
356 2261 398 2304 ne
414 2241 533 2306 credas
548 2243 670 2306 sensile
685 2241 796 2327 gigni?

86 2355 114 2416 ni
126 2355 255 2429 mirum,
265 2354 394 2442 lapides
411 2363 445 2419 ct
458 2355 548 2440 ligne
563 2363 597 2418 et
611 2363 701 2420 terre
715 2353 808 2438 quod
823 2375 890 2416 una

33 2485 67 2524 stu
84 2469 176 2532 mixta
189 2477 300 2533 tamen
314 2476 486 2554 nequeunt
500 2469 633 2533 vitalem
644 2467 790 2533 ¹reddere
804 2489 953 2532 sensum.

86 2581 157 2645 illud
169 2584 203 2646 in
216 2583 269 2646 his
284 2583 383 2668 igitur
397 2585 498 2647 rebus
513 2583 698 2647 meminisse
714 2581 864 2656 decebit,

86 2717 145 2760 non
160 2719 200 2760 ex
214 2697 366 2760 omnibus
382 2696 531 2772 omnino,
543 2719 629 2783 quae
645 2717 785 2780 eumque
801 2703 917 2760 creant
931 2717 1001 2770 res,

86 2811 193 2874 sensile
208 2820 243 2875 et
258 2811 424 2896 extemplo
439 2832 491 2874 me
506 2811 596 2896 gigni
609 2810 720 2874 dicere
734 2831 867 2884 sensus,

87 2923 139 2987 sed
151 2926 257 3012 magni
271 2924 398 2989 referre
412 2947 452 2989 ea
465 2926 605 3010 primum
621 2923 781 3010 quantula
796 2931 967 2996 constent,

36 3051 69 3093 sss
86 3040 194 3103 sensile
209 3061 295 3124 quae
309 3039 450 3114 faciunt,
463 3047 498 3102 et
512 3059 579 3122 qua
593 3039 661 3100 sint
675 3035 961 3120 praedilectum,

86 3153 215 3216 motibus
231 3152 403 3217 ordinibus
418 3152 576 3239 posituris
592 3149 736 3235 denique
751 3169 836 3234 quae
851 3149 932 3212 sint.

89 3279 214 3348 [puerum
228 3267 274 3330 nil
288 3287 399 3331 rerum
412 3267 446 3329 in
463 3267 558 3352 lignis
573 3264 766 3350 glaebisque
780 3260 945 3326 videmus:
960 3344 962 3350 Α

88 3385 232 3443 ettamen
246 3380 348 3455 haec,
359 3403 434 3445 eum
448 3379 527 3444 sunt
542 3379 637 3464 quasi
652 3377 841 3464 putrefacte
854 3397 915 3461 per
928 3376 1065 3450 imbres,

87 3494 270 3558 vermiculos
283 3496 434 3580 pariunt,
447 3494 525 3580 quia
540 3513 683 3578 corpore
696 3491 846 3555 materiai

39 3614 72 3654 ‘³¹³¹'
89 3607 220 3691 antiquis
236 3629 277 3672 ex
293 3607 464 3672 ordinibus
480 3613 633 3693 permota
645 3627 735 3670 nova
750 3627 787 3669 re

89 3721 293 3786 conciliantur
307 3722 354 3786 ita
368 3729 407 3786 ut
420 3720 546 3786 debent
560 3720 712 3784 animalia
726 3719 830 3805 gigni.

91 3829 199 3897 dende
214 3855 271 3911 ea,
282 3835 461 3900 seminibus
478 3836 534 3922 qui
548 3835 668 3898 sensile
683 3821 783 3919 possis
799 3830 905 3898 creari

92 3949 284 4014 constituunt
298 3971 402 4037 porro
418 3971 459 4014 ex
473 3950 545 4013 aliis
559 3948 683 4012 sentire
697 3947 817 4020 subtis,

92 4061 263 4126 molliciem
277 4062 419 4128 faciunt:
431 4084 507 4127 nam
522 4083 640 4125 sensus
654 4060 800 4146 iungitur
816 4057 921 4122 omnis

93 4241 279 4258 ἡ*

95 4339 134 4389 875
151 4341 175 4393 in
192 4341 300 4396 frondes
328 4343 338 4410 ll
364 4347 413 4395 882
440 4349 466 4394 et
488 4341 557 4412 ignis
583 4340 594 4409 ΙΙ
622 4345 670 4392 891
695 4336 773 4391 sedus
801 4337 811 4404 ΙΙ
838 4334 954 4388 decedit.
983 4331 1068 4404 ΜΒ
1092 4329 1206 4385 Sensilia

96 4422 195 4494 ctemplc
214 4422 224 4493 ΙΙ
243 4431 292 4478 902
313 4441 345 4476 ex
363 4422 505 4476 sensilibus
524 4424 534 4491 ll
553 4428 602 4476 90³
621 4421 703 4475 sueti.
722 4419 733 4490 ΙΙ
752 4425 801 4474 904
820 4419 913 4474 Mollia
929 4433 990 4471 eum
