2970 5268
635 463 668 528 V

45 655 66 698 u
82 635 188 722 quidve
203 637 292 700 mali
308 635 425 701 flueret
438 637 536 702 nobis
550 658 620 700 non
636 658 710 702 esse
725 639 868 704 creetis?

45 767 66 809 ’τ
80 761 162 814 natus
177 753 274 816 enim
294 751 403 816 debet
418 752 475 836 qui
490 773 632 838 eumque
647 762 699 817 est
713 752 799 818 velle
813 775 946 818 manere

80 866 200 942 invite,
213 865 340 930 donec
355 867 512 931 retinebit
526 865 652 932 blanda
667 867 839 954 voluptas:

79 981 122 1063 qui
135 1003 336 1066 numquam
351 1003 431 1045 vero
448 982 536 1046 vitae
550 982 699 1070 gustavit
713 1003 860 1049 amorem

44 1111 64 1150 :·‹
78 1115 126 1158 neo
139 1095 204 1159 fuit
218 1097 259 1158 in
277 1117 441 1172 numero,
454 1096 535 1183 quid
551 1096 650 1162 obest
664 1119 733 1160 nou
748 1119 821 1161 esse
837 1101 1007 1164 ereetum?

78 1210 263 1296 exemplum
282 1231 392 1296 porro
406 1210 585 1297 gignundis
599 1213 701 1277 rebus
717 1219 751 1276 et
764 1212 839 1298 ipsa
970 1195 974 1200 ’

78 1323 205 1388 notities
221 1324 407 1390 hominum
422 1324 475 1390 dis
489 1325 580 1390 unde
596 1334 649 1391 est
662 1327 763 1391 insita
777 1327 933 1414 primum,

79 1436 148 1520 quid
161 1440 306 1504 vellent
318 1439 431 1504 faeere
445 1447 484 1504 ut
498 1441 624 1506 seirent
637 1442 815 1526 animoque
831 1439 1001 1518 viderent,

81 1573 180 1635 quove
195 1554 351 1618 modost
364 1577 521 1641 umquam
536 1556 586 1620 vis
602 1557 735 1642 cognite
750 1556 1003 1642 principiorum,

45 1681 66 1720 :s
81 1666 221 1754 quidque
237 1671 335 1734 inter
350 1691 424 1734 sese
438 1679 629 1758 permutato
645 1669 763 1734 ordine
777 1679 934 1758 possent,

81 1781 181 1846 sinon
195 1784 283 1870 ipsa
300 1783 396 1850 dedit
409 1786 577 1870 specimen
592 1794 713 1849 nature
727 1785 887 1850 ersendi?

82 1915 216 1982 namque
231 1899 288 1963 ita
301 1900 407 1964 multe
419 1899 528 1965 modis
542 1899 655 1966 multis
670 1899 853 1986 primordie
865 1922 974 1964 rerum

84 2027 118 2072 er
129 2011 268 2078 infinito
285 2016 351 2078 iam
366 2022 517 2100 tempore
532 2015 662 2100 percita
675 2013 783 2101 plagis

84 2125 358 2214 ponderibusque
372 2129 441 2192 suis
456 2139 662 2195 consuerunt
677 2130 808 2194 concita
823 2127 901 2193 ferri

47 2251 69 2290 s,
84 2241 348 2328 omnimodisque
363 2244 453 2308 coire
468 2252 569 2330 etque
585 2245 696 2308 omnia
709 2251 953 2330 pertemptare,
1021 2317 1024 2324 Δ

85 2371 160 2434 quae
175 2379 328 2444 eumque
342 2359 429 2423 inter
443 2379 479 2422 se
494 2367 636 2446 possent
650 2379 832 2445 congressa
846 2379 977 2434 creare,

87 2475 195 2533 utnon
211 2473 260 2536 sit
276 2461 410 2550 mirum,
422 2474 450 2537 si
463 2474 498 2538 in
512 2474 586 2538 tulis
603 2473 825 2560 disposituras

87 2577 285 2651 deciderunt
299 2609 434 2674 quoque
450 2589 532 2652 etin
547 2589 621 2654 telis
636 2610 758 2654 venere
773 2597 918 2664 meatus,

89 2698 236 2776 qualibus
251 2703 339 2766 haee
352 2724 462 2767 rerum
478 2703 604 2788 geritur
619 2725 708 2768 nune
722 2726 850 2768 summu
865 2704 1041 2770 novando,

50 2814 73 2859 ¹³³
122 2811 223 2891 Quod
240 2819 272 2881 si
285 2817 350 2881 iam
364 2838 475 2881 rerum
489 2819 640 2904 ignorem
655 2819 837 2903 primordie
852 2840 937 2902 quae
952 2819 1035 2891 sint,

90 2919 277 2996 hortamen
292 2954 334 2996 ex
347 2933 429 3018 ipsis
445 2933 527 2998 eseli
541 2933 727 2996 rationibus
743 2934 847 2994 ausim

93 3041 282 3110 confirmare
297 3047 434 3134 aliisque
451 3068 492 3110 ex
506 3047 609 3110 rebus
623 3044 766 3110 reddere
781 3042 907 3109 multis,

92 3171 297 3246 nequaquem
311 3163 407 3228 nobis
423 3161 584 3225 divinitus
599 3181 671 3224 esse
691 3165 842 3246 paratam

93 3279 236 3341 naturam
252 3299 380 3342 rerum:
392 3284 487 3342 tante
502 3283 572 3342 stat
585 3273 740 3364 praedite
756 3271 868 3358 eulpa.

50 3385 77 3428 ²⁴¹³
92 3385 247 3476 principio
264 3399 425 3478 quantum
440 3393 523 3457 eaeli
538 3393 622 3478 tegit
636 3392 779 3479 impetus
794 3388 927 3473 ingens,

94 3493 162 3564 inde
176 3506 322 3592 aliquem
336 3515 467 3593 partem
481 3517 611 3572 montes
627 3507 798 3590 silvaeque
812 3503 957 3570 ferarum

96 3619 271 3693 possedere
282 3669 290 3698 ‚
301 3631 418 3688 tenent
432 3643 532 3710 rupes
548 3631 731 3707 vastaeque
746 3618 888 3706 paludes

97 3735 125 3788 el
136 3752 224 3800 mere
234 3785 242 3813 ,
253 3735 348 3822 quod
362 3737 428 3800 late
443 3745 608 3801 terrerum
624 3735 760 3800 distinet
776 3756 869 3798 oras.

99 3836 165 3909 iude
180 3849 264 3915 duas
282 3873 383 3938 porro
399 3873 506 3940 prope
520 3849 627 3936 partis
641 3848 791 3914 fervidus
807 3846 909 3911 ardor

53 3957 82 4004 ²¹¹5
99 3953 317 4052 adsiduusque
332 3968 397 4052 geli
412 3988 511 4032 ossus
525 3964 720 4028 mortalibus
736 3961 860 4026 aufert.

101 4077 182 4152 quod
195 4101 297 4168 snper
313 4089 366 4146 est
380 4081 468 4159 ervi,
481 4089 591 4145 temen
606 4077 642 4142 id
656 4085 778 4143 nature
792 4097 852 4142 sue
868 4076 900 4138 vi

113 4255 193 4272 *‘*—-.-
215 4269 291 4273 ,-,.-.

106 4356 144 4406 182
162 4358 227 4416 divis
256 4363 265 4430 Η
298 4369 344 4416 185
363 4379 394 4416 se
413 4363 422 4430 ll
443 4367 490 4414 186
509 4362 624 4433 speeiem
645 4361 655 4432 ΙΙ
677 4365 722 4411 187
742 4357 903 4412 multimodis
922 4359 932 4426 ll
953 4362 998 4409 191
1019 4353 1125 4425 possint
1143 4353 1152 4418 ll
1175 4356 1220 4402 lea

105 4449 220 4500 maestus.
241 4447 251 4514 ΙΙ
271 4451 319 4498 195
339 4446 361 4498 si
379 4453 512 4500 omasum.
532 4445 542 4512 [l
561 4450 608 4496 201
630 4441 733 4494 avidum

955 4539 1018 4600 11·
