2970 5268
257 447 325 516 182
802 447 835 512 V

254 629 425 686 menstrua
440 621 519 686 dum
533 621 660 708 rigidas
675 621 750 686 coni
765 620 950 705 perlabitur
964 619 1114 694 umbras;

183 752 231 799 700
254 745 405 823 tempore
421 735 539 801 eodem
554 737 636 802 aliut
649 744 796 821 nequeat
809 755 1005 798 succurrere
1020 734 1117 798 lunae

256 873 379 936 corpus
393 851 449 915 vel
462 873 565 938 supra
579 851 659 916 solis
671 851 839 937 perlabier
854 851 984 926 orbem,

257 965 350 1052 quod
363 965 477 1030 radios
491 967 580 1031 inter
593 973 726 1051 rumpat
739 965 917 1050 lumenque
931 961 1126 1049 profusum?

258 1089 415 1146 ettamen
430 1081 504 1166 ipsa
518 1103 580 1146 suo
595 1081 623 1144 si
637 1080 734 1166 fulgit
747 1081 827 1146 luna
840 1081 965 1154 nitore,

257 1217 316 1259 cur
329 1205 478 1281 nequeat
492 1205 585 1261 certa
598 1194 713 1260 mundi
726 1195 942 1280 languescere
958 1201 1070 1279 parte,

184 1325 234 1373 770
256 1307 335 1373 dum
348 1310 425 1375 loca
437 1309 615 1376 luminibus
630 1309 775 1396 propriis
788 1308 921 1376 inimica
934 1329 995 1393 per
1011 1305 1101 1372 exit?

185 1440 235 1486 770
299 1422 400 1503 Quod
415 1447 517 1511 super
532 1433 600 1500 est,
612 1427 768 1510 quoniam
782 1425 893 1508 magni
907 1443 969 1508 per
985 1421 1117 1486 caerula
1130 1419 1245 1486 mundi

259 1559 326 1624 qua
338 1537 409 1603 fieri
424 1537 582 1624 quicquid
598 1547 717 1626 posset
730 1538 860 1603 ratione
875 1537 1013 1612 resolvi,

258 1653 338 1717 solis
352 1654 401 1716 uti
415 1654 526 1718 varios
542 1675 660 1718 cursus
674 1653 838 1736 lunaeque
853 1659 980 1715 meatus

185 1782 234 1828 777
256 1787 397 1830 0000070
411 1787 585 1854 possemus
601 1767 754 1852 quaevis
769 1775 803 1830 et
818 1787 920 1830 causa
934 1765 1051 1837 cieret,

259 1901 370 1964 quove
384 1879 485 1945 modo
500 1889 642 1968 possent
656 1880 776 1946 offecto
791 1881 912 1946 lumine
928 1880 1022 1945 obire

260 2002 294 2058 et
307 2016 418 2080 neque
433 1995 600 2082 opinantis
615 1996 762 2061 tenebris
777 1995 947 2060 obducere
962 2003 1085 2066 terras,

259 2130 333 2174 cum
349 2110 444 2194 quasi
458 2112 616 2176 conivent
631 2121 665 2174 et
679 2119 797 2195 aperto
810 2110 932 2173 lumine
947 2131 1079 2174 rursum

260 2225 369 2290 omnia
384 2225 564 2289 convisunt
578 2227 669 2291 clara
682 2225 758 2290 loca
772 2223 918 2290 candida
932 2225 1024 2298 luce,

187 2353 236 2401 700
258 2358 347 2402 0000
361 2338 464 2404 redeo
478 2340 524 2404 ad
537 2339 651 2404 mundi
665 2341 848 2405 novitatem
863 2347 898 2404 et
910 2339 1022 2404 mollia
1036 2347 1147 2403 terrae

260 2473 357 2528 arva,
370 2475 459 2517 novo
473 2454 546 2517 fetu
561 2453 644 2538 quid
658 2454 799 2538 primum
813 2455 847 2518 in
862 2453 992 2518 luminis
1007 2474 1086 2518 oras

259 2565 377 2629 tollere
393 2576 428 2630 et
441 2567 576 2630 incertis
591 2567 716 2630 crerint
732 2568 936 2632 committere
949 2567 1071 2631 ventis.

300 2679 469 2765 Principio
484 2701 590 2766 genus
604 2679 785 2744 herbarum
799 2669 1007 2765 viridemque
1020 2681 1163 2746 nitorem

259 2804 350 2858 terra
364 2793 458 2858 dedit
472 2795 595 2858 0170070
610 2794 703 2858 collis
719 2815 923 2881 camposque
937 2816 998 2881 per
1013 2795 1136 2868 omnis,

188 2927 236 2972 vas
258 2906 379 2974 florida
391 2908 557 2974 fulserunt
570 2908 727 2974 viridanti
742 2917 840 2995 prata
854 2909 984 2984 colore,

260 3024 503 3110 arboribusque
518 3024 667 3090 datumst
677 3025 777 3088 variis
792 3022 913 3088 exinde
928 3045 989 3109 per
1003 3045 1101 3090 auras

261 3140 433 3204 crescendi
447 3161 601 3226 magnum
615 3139 756 3228 inmissis
772 3147 940 3204 certamen
954 3138 1112 3204 habenis.

261 3263 299 3320 ut
312 3256 424 3343 pluma
438 3263 540 3339 atque
555 3255 612 3339 pili
627 3255 768 3340 primum
782 3263 963 3338 saetaeque
978 3263 1133 3319 creantur

261 3367 503 3455 quadripedum
518 3367 673 3433 membris
689 3377 723 3432 et
738 3390 879 3454 corpore
893 3345 1185 3454 pennipotentum,

188 3503 237 3548 700
260 3485 307 3548 010
321 3504 412 3547 nova
424 3491 493 3546 tum
509 3483 608 3548 tellus
622 3481 746 3546 herbas
760 3482 972 3567 virgultaque
987 3483 1130 3570 primum

261 3597 413 3673 sustulit,
423 3595 502 3661 inde
516 3596 582 3660 loci
595 3595 748 3660 mortalia
762 3597 873 3662 saecla
888 3598 1015 3662 creavit

259 3714 364 3778 multa
377 3711 486 3778 modis
501 3711 611 3776 multis
626 3711 719 3776 varia
733 3711 864 3776 ratione
880 3723 1012 3779 coorta.

259 3849 336 3892 nam
350 3849 460 3913 neque
476 3826 519 3891 de
535 3827 627 3892 caelo
643 3825 803 3892 cecidisse
818 3828 971 3894 animalia
985 3837 1127 3914 possunt
1135 3875 1144 3906 ‚

260 3965 324 4007 nec
338 3944 512 4008 terrestria
527 3942 570 4008 de
584 3943 680 4009 salsis
696 3944 806 4008 exisse
819 3943 963 4008 lacunis:

188 4075 237 4120 ⁷95
258 4058 419 4143 linquitur
433 4067 472 4124 ut
485 4060 603 4123 merito
619 4066 805 4122 maternum
818 4079 940 4124 nomen
956 4056 1080 4141 adepta

263 4345 311 4392 761
329 4339 475 4409 perlabitur
503 4341 512 4408 11
540 4348 589 4394 768
602 4341 686 4412 fulget
713 4342 910 4408 11771ε760.
932 4340 942 4406 11
961 4343 1010 4389 776
1027 4347 1141 4408 possent
1158 4347 1293 4394 omissum.
1312 4339 1322 4406 11
1343 4346 1394 4394 782

263 4420 413 4488 ’1011070111
434 4422 544 4476 credunt
564 4423 573 4492 11
594 4429 643 4476 784
661 4440 821 4494 campusque
840 4425 849 4491 11
868 4427 917 4474 790
937 4419 1098 4491 vilgultaque
