3034 5204
392 1327 435 1410 T.
473 1325 748 1410 LUCRETI
786 1325 936 1410 CARI

205 1499 689 1656 passuum
741 1551 1124 1658 NATURA

426 1751 605 1864 'monn
647 1797 881 1866 sunaus

88 2273 254 2394 Primae
269 2327 459 2414 frugiparos
473 2327 561 2390 fetus
575 2325 771 2391 mortalibus
786 2327 894 2412 aegris

87 2442 295 2508 dididerunt
311 2440 481 2527 quondam
494 2440 668 2526 praeclaro
682 2440 815 2505 nomine
829 2441 998 2517 Athenae,

88 2568 125 2622 ct
142 2565 384 2623 recreavenmt
399 2559 498 2623 vitam
512 2557 672 2643 legesque
685 2566 864 2643 rogarunt,

16 2719 17 2752 3
90 2683 127 2738 ct
142 2673 271 2758 primae
288 2669 455 2736 dederunt
469 2671 592 2736 solacia
607 2669 717 2736 dulcia
730 2673 835 2748 vitae,

52 2805 64 2846 s
93 2809 174 2852 cum
188 2809 334 2872 genuere
349 2789 455 2852 virum
470 2788 529 2852 tali
544 2810 616 2852 cum
633 2786 735 2852 corde
751 2797 935 2874 repertum,

90 2903 207 2967 omnia
219 2901 368 2968 veridico
384 2903 441 2988 qui
456 2901 625 2988 quondam
640 2925 682 2966 ex
698 2924 757 2966 ore
772 2901 934 2989 profudit3

92 2999 208 3092 cuius,
220 3025 255 3082 et
269 3018 423 3094 extincti,
435 3024 575 3103 propter
591 3013 704 3079 divina
717 3024 852 3101 reperta

13 3134 16 3263 1
96 3131 270 3217 divolgata
283 3139 380 3198 vetus
394 3133 458 3196 iam
473 3130 518 3196 ad
533 3129 659 3194 caelum
674 3128 780 3214 gloria
793 3128 912 3193 fertur.

15 3265 16 3284 ³
97 3267 175 3308 nam
190 3265 264 3311 cum
279 3246 364 3312 vidit
377 3247 432 3310 hic
447 3245 491 3309 ad
505 3246 628 3310 victum
644 3265 730 3330 quae
744 3242 871 3328 flagitat
885 3263 965 3306 usus

13 3326 16 3470 l
45 3379 74 3420 re
103 3362 213 3424 omnia
224 3361 288 3425 iam
302 3360 405 3426 ferme
420 3361 614 3426 mortalibus
630 3381 703 3426 esse
718 3366 851 3445 parata,

99 3485 148 3551 et,
160 3497 222 3561 pro
239 3498 338 3560 quam
352 3485 486 3562 posset,
497 3477 598 3541 vitam
613 3476 798 3540 consistere
813 3481 933 3548 tutam,

97 3588 218 3654 divitiis
232 3590 383 3655 homines
399 3592 575 3656 ethonore
591 3599 626 3655 et
639 3588 738 3653 laude
754 3591 901 3674 potentis

97 3703 230 3769 affluere
246 3715 349 3791 atque
363 3707 453 3771 bona
467 3714 644 3791 gnatorum
660 3703 822 3768 excellere
837 3703 939 3778 fama,

96 3839 157 3882 nec
171 3819 279 3886 minus
295 3843 370 3884 esso
385 3820 474 3885 domi
490 3820 643 3905 cuiquam
658 3827 767 3883 tamen
782 3819 881 3882 anxia
895 3816 1014 3893 corda,

14 3981 16 4000 1
47 3948 69 3992 n
97 3942 198 4020 atque
212 3936 310 3998 animi
324 3935 463 4020 ingratis
478 3933 581 4000 vitam
593 3955 718 3998 vexare
734 3934 888 4020 querellis

13 3892 16 3940 1

95 4049 285 4137 passimque
298 4049 428 4115 infestis
446 4049 540 4136 cogei
556 4049 684 4114 saevire
700 4048 846 4137 periclis,

14 4268 16 4316 l
97 4337 106 4381 1
128 4346 237 4400 aegros.
262 4330 273 4398 11
297 4330 412 4384 tsoloci
431 4331 441 4400 ll
460 4338 474 4383 7
494 4333 610 4385 extincta
629 4332 638 4400 11
659 4337 689 4384 10
708 4329 867 4396 scortalibus
886 4330 896 4398 11
918 4337 945 4382 11
965 4339 1076 4401 possent
1093 4332 1103 4399 11
1126 4337 1153 4382 13
1175 4347 1221 4382 ex-

95 4413 193 4467 cellcre
211 4413 221 4480 ΙΙ
242 4420 272 4466 14
291 4412 379 4468 cordi.
397 4414 406 4482 11
428 4419 458 4466 16
477 4413 565 4470 Pausa
583 4422 662 4486 atque
680 4415 690 4484 11
710 4422 789 4486 coget
806 4415 816 4484 11
835 4413 972 4486 querellis.
