3034 5204
655 455 708 524 VI

47 649 91 694 090
157 630 257 696 Nunc
273 630 380 694 omnis
394 636 543 714 repetam
561 650 659 714 quam
674 651 750 695 raro
766 651 909 715 corpore
924 631 991 695 sint
1005 653 1058 695 res

116 766 394 823 commemorare;
407 742 499 829 quod
513 745 547 806 in
563 744 669 829 primo
685 765 820 830 quoque
836 745 979 809 carmine
994 746 1116 812 claret:

117 861 244 946 quippe
260 859 397 934 etenim,
410 877 609 944 quamquam
622 858 743 922 multas
758 857 824 922 hoc
839 860 985 944 pertinet
998 861 1042 926 ad
1056 883 1110 925 res

115 995 258 1038 noscere
269 1023 276 1050 ,
288 995 361 1039 curn
377 973 490 1058 primis
504 973 593 1036 hano
607 971 734 1038 adrem
750 973 903 1058 protinus
916 974 1037 1062 ipsam,

48 1107 93 1152 940
118 1111 187 1174 qua
203 1088 246 1153 de
262 1088 427 1152 disserere
442 1086 783 1173 adgredior,firmare
797 1097 970 1153 necessest

117 1204 165 1268 nil
181 1225 255 1268 esse
269 1204 303 1266 in
317 1213 477 1289 promptu
490 1203 554 1266 nisi
567 1203 706 1267 mixtum
721 1223 844 1287 corpus
859 1202 964 1266 inani.

118 1317 282 1404 principio
296 1317 334 1382 fit.
347 1323 385 1380 ut
398 1317 433 1380 in
448 1317 615 1402 speluncis
630 1337 713 1380 saxa
727 1337 872 1404 superne

118 1431 242 1496 sudent
256 1452 370 1496 umore
386 1439 420 1496 et
433 1433 536 1517 guttis
549 1431 751 1496 manantibu’
766 1431 908 1496 stillent.

118 1554 232 1611 manat
245 1546 323 1610 item
337 1547 434 1611 nobis
451 1553 557 1611 etoto
573 1567 715 1633 corpore
731 1545 853 1621 sudor,

48 1680 94 1725 945
120 1661 241 1726 crescit
254 1661 360 1725 barba
375 1661 497 1746 pilique
512 1681 574 1746 per
588 1661 697 1726 omnia
710 1661 873 1736 membra,
886 1681 946 1745 per
961 1668 1069 1725 artus.

122 1775 247 1840 diditur
261 1776 295 1838 in
310 1759 412 1838 venas
428 1775 521 1839 cibus
536 1777 659 1850 omnis,
671 1784 788 1860 auget,
799 1775 924 1860 alitque

120 1890 273 1976 corporis
288 1897 454 1968 extremas
470 1895 605 1976 quoque
620 1891 725 1978 partis
740 1890 1022 1977 unguiculosque‚

49 2025 96 2069 995
119 2003 273 2069 morbida
288 2005 404 2090 visque
420 2005 532 2080 simul,
544 2025 619 2068 cum
634 2005 840 2069 extrinsecus
855 2005 1056 2071 insinuatur.

49 2139 95 2185 940
117 2119 223 2206 frigus
236 2119 316 2183 item
330 2120 472 2184 transire
488 2141 548 2206 per
563 2140 619 2182 aes
629 2168 637 2194 ‚
649 2119 858 2204 calidumque
868 2139 1049 2205 vaporem,

124 2235 301 2310 sentimus,
312 2235 471 2299 sentimus
484 2235 563 2298 item
578 2234 720 2298 transire
734 2253 795 2318 per
810 2253 925 2296 aurum

51 2368 97 2414 950
122 2359 224 2434 atque
238 2370 300 2436 per
313 2362 504 2436 argentum,
516 2368 590 2412 oum
605 2347 727 2433 pocula
740 2347 839 2432 plena
853 2354 1018 2411 tenemus.

122 2463 271 2550 denique
281 2485 342 2552 per
357 2462 508 2549 dissepta
522 2462 697 2527 domorum
711 2482 813 2526 saxea
827 2481 929 2526 voces

119 2577 341 2664 pervolitant,
352 2586 526 2663 permanat
540 2577 626 2643 odor
640 2575 812 2662 frigusque
827 2597 1001 2662 vaposque

97 2771 100 2777 Ι
117 2694 221 2779 ignis,
234 2693 291 2778 qui
305 2691 384 2757 ferri
399 2714 534 2778 quoque
549 2691 614 2757 vim
629 2703 806 2778 penetrare
821 2692 931 2757 suevit

120 2807 265 2893 denique
281 2807 485 2892 quacircum
501 2804 588 2872 Galli
601 2807 706 2870 lorica
720 2813 868 2872 coercet.

51 2938 96 2983 950
120 2931 155 2986 00
169 2927 368 3009 tempestate
382 2922 416 2985 in
433 2932 523 2986 terra
539 2921 699 3006 caeloque
715 2930 847 2996 coorta,

119 3037 152 3100 in
169 3036 295 3100 caelum
311 3044 484 3120 terrasque
498 3044 646 3100 remotae
660 3035 734 3097 iura
747 3033 935 3111 facessunt3

121 3149 396 3236 quandoquidem
410 3151 458 3214 nil
473 3149 525 3214 e'st
539 3149 602 3212 nisi
616 3169 694 3212 raro
710 3148 853 3233 corpori’
867 3169 973 3214 nexu.

160 3263 237 3329 Huc
252 3265 384 3329 accedit
397 3266 444 3330 uti
460 3286 528 3329 non
543 3262 668 3339 omnia,
681 3283 767 3348 quae
781 3262 964 3358 iaciuntur·
995 3285 1000 3294 ·

52 3395 96 3442 900
120 3400 265 3466 corpora
280 3401 421 3466 cumque
436 3380 478 3442 ab
493 3378 612 3452 rebus,
625 3376 743 3442 eodem
758 3375 910 3464 praedita
925 3397 1026 3442 sensu

119 3501 220 3578 atque
236 3493 354 3559 eodem
369 3501 469 3582 pacto
485 3493 585 3556 rebus
600 3493 668 3557 sint
682 3492 834 3556 omnibus
849 3501 943 3578 apta.

119 3608 284 3696 principio
299 3617 421 3673 terram
437 3607 489 3672 sol
504 3608 690 3693 exquoquit
705 3616 739 3670 00
754 3606 834 3672 lacit
849 3628 921 3680 are,

93 3795 96 3806 Ι
119 3731 155 3787 00
169 3723 306 3808 glaciem
321 3721 477 3786 dissolvit
492 3730 527 3785 00
541 3722 617 3786 altis
630 3721 798 3786 montibus
813 3722 901 3786 altas
977 3727 980 3732 “

120 3845 356 3922 extructasque
372 3838 464 3904 nives
479 3834 582 3900 radiis
598 3835 771 3901 tabescere
786 3837 893 3921 cogit:

51 3965 93 4010 905
118 3949 263 4037 denique
279 3973 357 4016 cera
371 3951 460 4037 lique
473 3951 512 4018 fit
525 3952 558 4015 in
575 3951 645 4016 eius
660 3957 760 4038 posta
774 3970 919 4036 vapore.

118 4153 322 4162 ————

118 4261 270 4317 99701000.
293 4263 303 4334 Η
327 4270 376 4317 938
395 4263 487 4318 ardes.
512 4265 522 4332 ll
549 4271 598 4318 940
616 4265 721 4318 firmare
745 4265 755 4334 ll
779 4271 826 4317 944
847 4266 897 4317 msi
915 4283 1013 4335 corpus
1033 4266 1141 4319 rnixtum
1163 4266 1175 4332 41
1199 4271 1248 4316 942

116 4363 247 4417 superna.
272 4349 282 4416 ΙΙ
306 4354 356 4401 954
375 4347 440 4401 caeli
465 4349 476 4420 ΙΙ
498 4353 547 4400 956
566 4355 752 4418 tempestatem
776 4349 786 4416 ll
811 4353 859 4402 957
880 4348 952 4402 lurae
970 4349 980 4417 ll
1000 4353 1049 4402 958
1067 4361 1182 4416 corpore
1199 4361 1248 4398 ne⁴

116 4447 195 4484 xum.
212 4431 222 4500 ll
241 4435 291 4484 962
310 4449 363 4502 quo
383 4431 393 4500 ΙΙ
412 4435 461 4484 964
480 4430 624 4486 Extrrrctas
