2970 5268
641 483 671 548 γ

70 659 160 723 allata
175 668 303 745 atque
317 658 409 722 auris
424 657 558 720 aliunde
573 657 706 721 obiecta
719 657 851 734 alienia,

70 773 120 836 sed
133 776 289 859 pariter
305 773 414 858 prima
429 779 593 857 concepta
607 774 650 837 ab
665 772 792 858 origine
806 773 921 838 muudi

66 900 233 976 certaque
252 909 343 974 pars
358 887 428 950 ciue
439 936 446 961 ‚
459 887 554 972 quasi
569 887 666 951 nobis
680 888 843 960 membra,
855 887 1025 954 videntur.

44 1038 52 1047 ··
67 1011 258 1088 praeterea
277 1001 401 1090 grandi
415 1003 543 1066 tonitru
559 1023 724 1066 concussa
737 1011 876 1089 repente

64 1136 147 1180 terra
163 1139 293 1204 supra
309 1137 397 1201 quae
412 1138 449 1180 se
463 1127 541 1181 sunt
556 1118 705 1185 concutit
719 1117 829 1180 omnia
840 1125 950 1192 motu;

62 1231 151 1317 quod
166 1232 306 1296 facere
320 1231 405 1295 baut
419 1231 485 1294 ulla
499 1241 617 1318 posset
629 1234 760 1296 ratione
770 1281 777 1308 ,
789 1231 851 1295 nisi
868 1243 959 1295 esset

59 1349 224 1430 partibus
244 1347 351 1411 atriis
365 1345 655 1432 mundi.eaeloque
669 1347 834 1411 revincta:

59 1483 130 1526 nam
146 1462 407 1526 communibus
422 1461 508 1524 inter
523 1483 560 1525 se
573 1460 743 1528 radicibus
757 1460 898 1526 haerent

29 1593 43 1634 ·;
60 1599 96 1640 cx
111 1578 279 1642 ineunte
294 1597 379 1642 aevo
395 1576 572 1640 coniuncta
586 1589 689 1662 atque
704 1578 812 1642 uniter
827 1583 920 1662 apte.

62 1715 179 1756 nonne
199 1690 310 1756 vides
325 1691 422 1754 etiam
439 1711 537 1776 quarn
551 1711 672 1776 magno
686 1691 838 1776 pondere
852 1692 948 1756 nobis

61 1809 252 1872 sustineat
260 1827 391 1891 corpus
406 1806 599 1870 tenuissima
612 1806 664 1869 vis
679 1807 797 1870 animai

63 1931 268 2009 propterea
283 1921 362 2006 quia
377 1927 445 1984 tam
460 1923 637 1985 coniuncta
652 1930 752 2007 atque
768 1921 877 1985 uniter
893 1932 973 2008 apta
987 1924 1061 1987 est?

62 2033 230 2122 denique
247 2037 312 2100 iam
327 2034 415 2099 saltu
429 2037 555 2122 pernici
570 2027 690 2100 tollere
705 2057 829 2122 corpus

65 2151 148 2234 quid
167 2151 272 2239 potis
289 2158 342 2213 est
355 2149 417 2214 nisi
433 2151 483 2214 vis
498 2152 612 2226 animi,
625 2171 711 2237 quae
726 2151 873 2214 membra
887 2152 1075 2236 gubernat?

64 2267 180 2330 iamne
199 2265 302 2330 vides
318 2272 479 2349 quantum
495 2266 603 2330 tenuis
617 2277 738 2329 natura
752 2264 863 2329 valere

66 2385 205 2463 possit,
220 2379 279 2444 ubi
294 2387 346 2442 est
361 2379 538 2446 coniuncta
551 2381 644 2466 gravi
660 2402 734 2444 cum
750 2401 910 2466 corpore,
922 2389 960 2444 ut
975 2385 1032 2444 atr

69 2498 285 2560 coniunctus
300 2492 399 2557 terris
415 2503 448 2558 et
461 2495 559 2560 uobis
575 2503 626 2558 est
641 2495 738 2559 animi
753 2494 827 2560 vis?

107 2611 193 2677 Nec
210 2610 314 2674 nimio
329 2608 408 2672 solie
424 2609 527 2672 maior
542 2619 618 2673 rota
632 2633 695 2674 nec
709 2611 816 2674 minor
831 2611 934 2676 ardor

27 2735 51 2778 'c
70 2745 144 2790 esee
162 2733 306 2814 potest,
317 2724 441 2788 nostris
457 2745 556 2808 quarn
572 2726 726 2789 sensibus
742 2748 817 2790 esse
832 2726 980 2791 videtur.

70 2861 148 2905 nam
167 2841 298 2926 quibus
314 2859 331 2902 e
346 2839 461 2924 spatiis
476 2861 617 2924 cumque
632 2837 726 2924 ignes
741 2840 864 2904 lumina
878 2850 1020 2927 possunt

72 2954 214 3021 adicere
232 2963 268 3018 ct
282 2952 423 3018 calidum
437 2954 593 3018 membris
608 2953 733 3018 adflare
749 2975 922 3038 vaporem,

73 3071 117 3134 nil
133 3095 179 3136 ea
194 3071 231 3133 in
246 3069 299 3132 his
313 3069 497 3134 intervallis
513 3068 557 3131 de
572 3087 715 3153 corpore
729 3067 835 3130 libant

73 3181 286 3250 flammarum
296 3233 304 3258 ,
316 3183 361 3247 nil
376 3184 419 3248 ad
434 3184 580 3270 speciem
596 3187 649 3245 cst
664 3180 868 3245 contractior
882 3179 984 3266 ignis.

29 3305 56 3352 ²³³
73 3298 224 3384 proinde
235 3347 242 3374 ,
254 3299 346 3362 calor
361 3300 516 3384 quoniam
532 3296 613 3362 solis
628 3297 805 3381 lumenque
820 3293 993 3381 profusum

26 3421 56 3467 ³5¹]
75 3415 284 3500 perveniunt
298 3420 434 3478 nostros
450 3413 494 3489 ad
509 3433 628 3477 seusus
643 3420 678 3476 et
692 3412 767 3476 loce
781 3410 943 3484 mulcent,

73 3527 188 3594 forma
203 3549 339 3614 quoque
353 3528 431 3592 hinc
447 3529 528 3594 solis
543 3527 645 3594 debet
659 3529 815 3612 filumque
829 3525 952 3598 videri,

74 3645 116 3709 nil
135 3643 230 3707 adeo
245 3652 282 3707 ut
296 3643 406 3728 possis
421 3643 495 3727 plus
512 3643 689 3708 autminus
705 3641 848 3718 addere,
860 3663 955 3706 vere.

27 3765 55 3812 ³5³
73 3756 227 3844 lunaque
241 3759 310 3822 sive
325 3757 430 3821 notho
446 3757 551 3822 fertur
566 3757 641 3822 loca
655 3747 775 3821 lumine
790 3757 953 3829 lustrans,

75 3874 150 3937 sive
165 3893 258 3936 suam
275 3873 412 3957 proprio
427 3872 531 3935 iactat
545 3870 588 3935 de
604 3892 748 3956 corpore
762 3871 884 3940 lucem.

75 3986 245 4074 quidquid
259 3986 294 4050 id
310 3997 377 4062 est,
388 3989 455 4052 nilo
472 3986 579 4050 fertur
593 3986 717 4049 maiore
730 3985 837 4070 figura

7 4316 8 4333 ³
78 4309 125 4354 557
148 4319 232 4372 supro
251 4303 261 4371 ll
281 4307 329 4354 553
343 4301 397 4354 aeri
417 4301 427 4371 ll
446 4310 493 4354 555
514 4313 603 4356 aucta.
622 4302 632 4370 Η
653 4307 702 4352 558
716 4311 792 4370 rapta
810 4300 820 4370 Η
837 4306 888 4351 ,559
902 4301 1010 4371 pernice
1028 4300 1038 4370 ΙΙ
1058 4306 1107 4352 560
1121 4299 1188 4362 Quis
1202 4303 1211 4366 [ξ

77 4386 182 4438 animae
201 4387 211 4454 ΙΙ
231 4390 280 4436 563
301 4383 449 4439 Coniuncta
468 4387 478 4457 ΙΙ
498 4391 545 4438 567
566 4384 692 4437 Adlicere
720 4385 729 4452 (l
757 4389 806 4434 568
825 4383 899 4436 Nihil
917 4385 967 4438 nisi
985 4381 1131 4436 intervallis
1151 4383 1160 4452 ΙΙ
1180 4381 1211 4432 li·

77 4471 171 4521 brant.
192 4471 202 4537 Η
221 4476 270 4521 570
290 4467 405 4538 snlgrnt.
424 4467 434 4536 ll
455 4475 500 4522 571
523 4469 638 4538 ilumqnc
658 4471 667 4536 ΙΙ
687 4469 881 4534 574--576611
900 4474 949 4520 576
968 4487 1016 4520 sna
