2970 5268
615 483 678 552 IIII

91 677 175 740 usque
189 655 279 720 adeo
295 655 412 743 magni
426 655 532 720 refert
545 653 691 720 studium
706 663 807 741 atque
821 657 994 744 voluptas,

54 787 75 825 e
90 780 113 832 et
124 771 236 855 quibua
250 771 289 834 in
305 771 413 835 rebus
429 771 621 835 consuerint
635 791 709 834 esse
724 773 853 856 operati

89 904 139 947 non
151 884 308 950 homines
323 885 433 950 solum
447 884 510 948 sed
524 905 605 950 vero
621 885 772 949 animalia
786 895 919 952 cuncta.

89 998 192 1084 quippe
206 998 348 1064 videbis
364 1021 469 1084 equos
484 999 581 1064 fortis
591 1049 599 1076 ‚
610 1021 684 1062 cum
698 1001 847 1065 membra
859 1002 1030 1080 iacebunt,

87 1110 241 1177 insomnis
256 1113 391 1177 sudare
405 1122 516 1178 temen
530 1115 727 1200 spirareque
742 1135 873 1199 semper

87 1234 112 1286 et
123 1227 212 1309 quasi
227 1225 274 1290 de
290 1228 406 1313 palma
420 1247 563 1292 summas
578 1225 784 1292 contendere
798 1227 878 1292 viris

86 1349 128 1400 eut
142 1342 238 1423 quasi
254 1341 452 1406 carceribus
467 1340 643 1428 patefactis
665 1389 916 1406 .........

49 1464 72 1508 s
86 1462 326 1541 venantumque
342 1477 442 1522 canes
455 1457 490 1520 in
503 1457 594 1521 molli
609 1477 710 1542 saepe
724 1456 836 1540 quiete

50 1581 70 1622 u
85 1565 192 1631 iactant
207 1591 316 1634 crura
331 1579 442 1635 temen
457 1570 568 1635 subito
582 1591 752 1656 vocesque
766 1579 905 1657 repente

86 1679 202 1746 mittunt
216 1691 254 1748 et
269 1685 394 1750 crebro
409 1683 599 1748 redducunt
611 1685 749 1750 naribus
763 1705 876 1760 auras,

86 1801 115 1856 ut
124 1797 264 1883 vestigia
280 1801 312 1862 si
327 1807 464 1864 teneant
477 1799 614 1864 inventa
626 1797 787 1874 ferarum,

86 1911 370 1999 expergefactique
385 1919 545 1978 secuntur
559 1913 670 1978 inania
684 1933 784 2000 saepe

52 2035 71 2073 9
87 2042 248 2091 cervorum
263 2027 460 2103 simulacre,
471 2027 571 2114 fugae
586 2028 681 2113 quasi
697 2027 813 2094 dedita
826 2039 981 2105 cernant,

87 2132 179 2203 donec
195 2139 364 2206 discussis
377 2141 520 2206 redeant
534 2143 703 2206 erroribus
718 2141 831 2206 adse.

88 2259 113 2312 at
126 2265 289 2322 consueta
305 2255 396 2322 domi
410 2257 597 2322 catulorum
612 2257 737 2320 blanda
750 2277 903 2344 propago

87 2361 239 2434 discutere
256 2381 292 2436 et
308 2393 430 2458 corpus
445 2371 488 2435 de
502 2379 594 2436 terra
607 2370 776 2457 corripere
788 2372 916 2435 instant

45 2508 46 2519 ¹
62 2489 77 2533 9
87 2481 213 2560 proinde
229 2486 330 2571 quasi
344 2487 477 2572 ignotas
492 2485 596 2550 facies
611 2495 713 2571 atque
729 2506 789 2551 ors
803 2493 954 2550 tuantur.

89 2599 189 2679 etque
204 2594 485 2686 quaeque'magis
501 2609 580 2665 sunt
594 2621 715 2686 aspera
729 2601 956 2676 seminiorum‚

88 2713 142 2771 tam
154 2716 260 2800 magis
275 2716 311 2778 in
325 2715 450 2778 somnis
465 2714 582 2779 eadem
596 2716 727 2780 saevire
741 2723 928 2780 necessust:

89 2829 116 2881 at
127 2827 234 2893 variae
249 2829 385 2915 fugiunt
397 2829 553 2894 volucres
567 2830 744 2915 pinnisque
758 2836 897 2914 repente

88 2934 255 3009 sollicitant
269 2943 382 3008 divom
396 2951 564 3008 nocturno
580 2953 730 3028 tempore
745 2942 858 3013 lucos,

90 3051 251 3138 accipitres
267 3079 385 3122 somno
400 3057 434 3120 in
450 3057 516 3119 leni
530 3057 558 3119 si
573 3055 701 3139 proelia
715 3073 847 3138 pugnas

47 3161 78 3210 tu
90 3159 174 3230 edere
189 3181 271 3237 sunt
284 3177 515 3259 persectantes
530 3170 690 3252 visaeque
704 3166 872 3230 volantes.

91 3294 177 3357 porro
191 3284 363 3352 hominum
376 3293 524 3358 mentes,
538 3282 667 3368 magnis
683 3281 741 3366 qui
753 3279 921 3376 mentibus
936 3278 1040 3344 edunt

91 3408 210 3480 magna,
220 3399 337 3466 itidem
352 3421 452 3486 saepe
465 3400 500 3463 in
515 3397 639 3462 somnis
653 3395 847 3480 faciuntque
861 3403 1064 3481 gemetque,

91 3521 172 3590 reges
187 3521 399 3602 expugnent,
411 3515 604 3601 capiuntur,
614 3511 744 3598 proelia
755 3509 909 3586 miscent,

92 3619 199 3693 tollunt
212 3631 409 3704 clamorem,
421 3629 515 3714 quasi
529 3629 558 3692 si
572 3627 763 3712 iugulentur
777 3623 915 3689 ibidem.

46 3729 169 3802 is¹¹³³¹11ulti
184 3741 381 3830 depugnant
396 3743 605 3828 gemitusque
620 3739 792 3804 doloribus
809 3738 929 3812 edunt,

94 3853 120 3907 tt
132 3859 220 3935 quasi
235 3857 420 3946 pantherae
434 3877 549 3920 morsu
564 3855 697 3918 saevive
712 3854 819 3918 leonis

91 3967 276 4036 mandantur
289 3972 418 4056 magnis
434 3967 634 4034 clamoribus
650 3968 760 4031 omnia
773 3967 943 4051 complent
956 4013 962 4027 .

97 4157 151 4172 5--
160 4171 200 4180 *—-
209 4177 225 4180 -

96 4271 135 4324 9⁸4
152 4283 285 4338 voluntas.
313 4284 324 4352 ss
351 4289 400 4335 999
421 4282 523 4352 palmas
550 4284 560 4350 Η
588 4286 638 4332 990
656 4295 736 4348 saepe
754 4279 854 4348 quiete.
883 4279 892 4348 ΙΙ
916 4283 963 4330 991
984 4275 1110 4343 vocisque
1128 4273 1138 4340 ΙΙ
1157 4276 1206 4323 995

96 4349 147 4425 tq,
166 4364 176 4435 ιι
193 4367 267 4422 dcta
293 4369 304 4437 u
330 4371 380 4420 aee
398 4365 545 4419 terroribus
572 4363 583 4432 μ
613 4365 1006 4414 1000-1cca=eei-eer.
1033 4358 1044 4426 n
1072 4359 1135 4408 1011
1156 4368 1208 4421 que
1316 4381 1320 4388 -

97 4445 214 4503 montibus
231 4452 242 4518 ΙΙ
264 4455 327 4503 1013
347 4449 512 4519 cxipugnant

947 4539 1004 4600 10·
