2972 5188
274 453 344 522 256
803 451 854 566 rv
891 537 895 542 Ι

272 629 418 696 transire
440 626 585 692 debeat.
609 625 732 690 deinde
751 628 785 690 in
809 625 863 691 his
884 645 925 690 ex
946 633 1045 712 parte
1061 627 1179 692 eadem
1195 637 1389 701 tractantur

273 749 360 814 quac
374 727 409 792 in
420 723 606 809 prioribus.
618 724 693 808 quis
709 723 796 788 enim
810 723 899 789 ferat
912 724 962 788 ita
976 725 1029 788 bis
1046 723 1089 790 de
1105 727 1295 792 simulacris
1307 728 1388 806 dici,

259 823 444 911 ¹quomodo
458 824 607 887 membra
621 829 780 886 moveant
795 831 829 886 et
843 822 973 888 iactent
994 823 1175 900 bracchia,
1197 834 1238 890 ut
1258 825 1388 890 factum

273 933 327 992 est
339 944 442 988 versu
456 921 517 986 768
533 928 567 985 et
577 920 663 985 788?
679 931 713 984 et
729 943 801 986 cum
817 943 920 987 versu
933 923 994 987 775
1015 923 1050 986 in
1064 944 1132 986 uno
1149 945 1289 1009 quoque
1304 933 1387 988 tem·

272 1044 356 1112 pore
371 1019 519 1086 sensibili
534 1037 654 1104 magna
668 1019 910 1103 particularum
925 1020 1023 1104 copia
1037 1020 1158 1086 adesse
1179 1021 1330 1096 dicitur,
1353 1023 1387 1088 id

271 1123 306 1186 ni
319 1121 437 1185 mirum
452 1117 541 1182 idom
557 1115 719 1200 estquod
737 1137 840 1181 versu
859 1117 921 1182 794
941 1120 1144 1202 exponitur,
1165 1120 1200 1183 in
1216 1143 1286 1184 uno
1302 1142 1386 1206 quo-

272 1241 338 1306 que
353 1225 522 1302 tempore,
533 1215 567 1279 in
583 1235 650 1299 quo
666 1235 800 1279 revera
814 1215 920 1281 multa
935 1225 1089 1302 tempora
1102 1217 1248 1296 lateant,
1259 1219 1297 1282 in
1308 1219 1385 1284 loco

272 1338 407 1404 quoquo
423 1314 600 1378 simulacra
615 1333 768 1399 quaeque
783 1321 921 1400 praesto
938 1327 1031 1380 csse.

351 1412 758 1487 recenseremus,
775 1435 815 1475 1n
838 1434 1025 1489 sermon
1047 1434 1127 1476 vox
1148 1435 1383 1478 amr-ruta

269 1536 364 1580 nnn.
375 1512 476 1576 Hunc
486 1529 621 1573 versum
632 1529 849 1594 corrumpere
862 1530 902 1574 ea
913 1511 1036 1595 quibus
1046 1511 1198 1596 ingestus
1210 1511 1384 1586 est‚Lam-

268 1614 369 1678 binus
383 1617 476 1674 rectu
489 1606 594 1672 vidit.
610 1626 651 1671 ea
665 1615 744 1672 sunt
756 1607 860 1684 haec,
875 1611 949 1696 quio
963 1611 1142 1694 ternpore'ic
1155 1633 1215 1672 555
1231 1611 1383 1696 Tmtporo

269 1711 365 1774 555555
379 1710 486 1786 huot,
497 1707 576 1769 ratio
591 1727 670 1791 praue
684 1708 830 1791 comperit
842 1729 922 1785 esce,
936 1707 971 1770 in
986 1705 1108 1792 quibus
1122 1709 1294 1772 sententia
1307 1729 1384 1795 per·

268 1807 360 1872 fecta
375 1813 408 1869 et
423 1803 580 1869 absoluta
594 1802 825 1868 concluditur.
842 1803 1072 1888 quaerendum
1087 1813 1140 1869 est
1154 1807 1253 1891 ergo',
1270 1805 1384 1890 siquid

269 1903 359 1968 forte
373 1904 406 1966 in
421 1902 543 1966 vicinia
557 1902 704 1986 positum
719 1901 778 1976 sit,
791 1900 885 1986 quod
896 1902 962 1966 hoc
977 1923 1079 1966 versu
1092 1903 1271 1968 interiecto
1287 1903 1383 1968 adiu-

268 2003 343 2067 vari
360 2002 471 2087 possit
487 2049 494 2063 .
518 1999 637 2085 atquin
650 2000 726 2084 ipsa
738 1999 825 2064 haec
839 2000 946 2064 verba
961 2047 969 2074 ,
991 2023 1060 2064 mom
1072 2022 1131 2066 coc·
1144 2003 1290 2065 emittitur
1304 2025 1383 2081 uno,

268 2101 445 2168 remittunt
458 2119 522 2162 nos
533 2097 724 2162 adversum
735 2096 814 2172 785,
825 2097 883 2162 ubi
898 2107 950 2162 est
964 2097 1077 2163 Omnia
1089 2099 1144 2163 555
1157 2100 1286 2165 cer-bone
1301 2111 1385 2164 creo!

267 2211 380 2266 namra
396 2194 579 2284 paratque?
606 2215 686 2260 nam
713 2194 830 2260 ecdem
854 2203 1011 2261 suntooc
1032 2197 1208 2261 etcertum
1231 2205 1267 2262 et
1289 2199 1382 2262 libido

267 2319 370 2364 versu
380 2296 458 2360 779:
472 2295 527 2358 snb
541 2295 629 2358 uerbo
645 2299 698 2358 cst
712 2295 775 2358 sub
787 2294 897 2368 iussu,
909 2292 1012 2359 docte
1021 2294 1225 2360 illustratum
1237 2319 1258 2360 a
1267 2295 1381 2361 Biine·

267 2416 391 2461 manno
412 2393 458 2458 ad
470 2392 640 2457 Lactantii
660 2392 910 2456 institutionum
930 2391 1052 2458 librum
1063 2415 1112 2470 tv,
1124 2395 1170 2471 15,
1179 2393 1220 2458 22
1236 2444 1243 2458 .
1265 2395 1380 2460 sedin

266 2495 331 2559 illis
345 2493 428 2578 ipsis
443 2492 597 2555 versibus
613 2489 807 2555 difficillimo
828 2497 907 2556 sunt
926 2490 1031 2568 haec,
1052 2491 1090 2557 Si
1102 2515 1190 2556 mare
1199 2541 1208 2572 ,
1222 2495 1253 2556 sl
1265 2505 1380 2558 terram

267 2591 382 2657 cordist
393 2637 402 2668 ,
422 2590 450 2652 si
470 2589 599 2674 5755ιὲ955
620 2589 763 2671 curlum5
784 2589 843 2654 ubi
864 2589 909 2654 ad
929 2592 957 2654 si
977 2593 1089 2656 cordis!
1100 2591 1284 2656 infinitivus
1300 2615 1381 2678 sup·

266 2687 412 2774 plandus
428 2691 497 2760 est,
510 2685 566 2769 qui
577 2706 743 2770 nusquam
757 2686 898 2772 legitur:
913 2711 990 2753 nam
1000 2711 1111 2774 neque
1123 2689 1311 2755 Creecliius
1326 2712 1381 2754 sa-

265 2807 345 2850 num
367 2785 585 2868 interpretem
609 2783 699 2870 egit,
730 2805 804 2848 cum
824 2785 910 2852 hacc
931 2787 980 2852 ita
1000 2789 1190 2873 expressit,
1215 2791 1244 2852 si
1257 2790 1301 2874 pl
1365 2792 1371 2804 '

266 2885 415 2970 copitore,
425 2903 536 2967 neque
546 2881 730 2958 Marullus,
742 2882 799 2966 qui
810 2881 866 2948 hic
877 2884 970 2949 solus
982 2885 1282 2962 attendit,bonum
1298 2889 1380 2952 arti-

265 2982 379 3062 licom,
395 3001 469 3046 cum
486 2979 622 3066 scripsit
638 2979 675 3044 Si
689 3003 792 3060 more,
806 2983 834 3045 si
850 2993 933 3046 terra
948 2995 1008 3062 est,
1021 2985 1049 3048 si
1064 2983 1150 3049 cordi
1163 2985 1294 3072 deniqne
1309 3009 1379 3050 cce·

265 3081 329 3145 lom
345 3129 351 3144 .
374 3079 457 3165 quid
470 3079 572 3166 igitur
587 3079 616 3142 si
629 3077 721 3142 hunc
736 3099 871 3144 versum
885 3078 965 3144 illuc
979 3079 1233 3159 transferimus,
1256 3091 1291 3148 et
1306 3085 1378 3169 qui·

266 3178 366 3259 dem,
388 3178 469 3264 quia
488 3183 809 3262 aperte'corruptus
832 3184 907 3253 est,
927 3178 1048 3243 leniter
1068 3179 1314 3246 emendatum?
1335 3181 1382 3247 Et

263 3277 358 3340 simcd
370 3277 555 3340 occulamus
569 3275 654 3339 nobis
667 3277 802 3340 occurrit
812 3274 940 3361 imcpol
960 3273 1077 3356 Quor>
1091 3279 1253 3358 sentimus,
1267 3280 1304 3343 id
1316 3277 1379 3343 est?

265 3397 333 3438 crem
347 3395 406 3436 coc
419 3373 562 3436 emittitur
575 3395 664 3455 uoo;
687 3373 725 3438 Si
743 3371 851 3450 mo're,
872 3375 901 3438 si
918 3387 1033 3440 terram
1052 3377 1185 3457 cordus,
1206 3379 1379 3464 sucoque

264 3471 398 3535 caelum.
409 3470 457 3532 ita
469 3470 554 3533 enim
567 3478 710 3555 apparet
721 3496 782 3538 esse
789 3472 984 3539 addendum
996 3495 1085 3550 esse,
1097 3497 1171 3540 cum
1181 3477 1217 3540 id
1226 3487 1378 3560 estprac-

265 3567 424 3632 cesserit:
437 3569 466 3630 si
480 3569 566 3630 cordi
580 3580 622 3631 est
635 3591 697 3633 esce
710 3593 815 3646 more,
830 3573 857 3634 si
871 3583 1001 3648 1555555,
1014 3574 1043 3636 si
1056 3575 1191 3638 coelom.

347 3664 659 3730 790.n0n1nrrnn
680 3689 756 3732 con
771 3691 975 3734 nnrunnrs
992 3693 1175 3736 annonis
1190 3693 1378 3735 nrrrnnr

165 3813 168 3820 .
263 3761 323 3827 ΕΤ
350 3775 564 3828 uersuum
586 3786 733 3830 ocums
755 3787 915 3832 GESTUM
942 3791 1042 3832 PEDE
1065 3791 1376 3834 convnrunnn.

262 3860 394 3926 Horum
409 3881 450 3926 ec
463 3861 596 3948 integra
609 3883 677 3928 non
694 3872 773 3929 sunt
788 3886 876 3950 quae
891 3865 936 3930 ad
946 3865 1053 3951 pedes
1065 3867 1255 3953 pertinent:
1266 3889 1377 3952 neque

263 3960 349 4022 enim
363 3962 508 4044 repetitor
521 3960 586 4025 nisi
601 3960 695 4047 quod
710 3961 828 4027 eodem
842 3963 945 4027 modo
959 3962 1086 4028 fectum
1101 3973 1176 4039 est,
1197 3984 1311 4048 neque
1326 3987 1376 4027 re-

255 4057 372 4141 petitur
387 4059 481 4120 oculu
495 4057 587 4143 quod
603 4066 682 4123 onte
698 4079 757 4124 eos
772 4060 892 4125 iterum
907 4061 1033 4147 agitur,
1045 4061 1108 4126 sed
1123 4060 1218 4146 quod
1232 4063 1300 4146 ipsi
1313 4063 1375 4128 itc-

260 4173 334 4218 rum
350 4154 643 4238 contemplantur.
665 4156 713 4220 ita
728 4157 829 4224 Silius
845 4181 894 4232 111,
906 4159 967 4222 533
988 4170 1072 4223 locta
1083 4159 1256 4246 formidine
1274 4161 1375 4244 plano

260 4251 428 4316 Enterrem
439 4253 565 4334 repetito
579 4254 692 4317 55555.
709 4275 814 4338 quare
829 4257 1021 4327 necessario
1037 4255 1255 4322 scribendum
1272 4267 1325 4322 est
1335 4257 1377 4322 Ee

260 4369 473 4412 nnrnnunr
488 4349 583 4413 cordis
593 4362 709 4434 poclum
725 4401 731 4415 .
754 4351 897 4418 Ovidius
911 4354 947 4418 in
962 4355 1106 4441 epistula
1121 4353 1230 4428 vu,26
1245 4357 1374 4420 Amas

259 4448 362 4512 55555
376 4467 497 4532 corque
510 4447 631 4534 diesque
644 4449 753 4537 refert.
