2946 5188
282 469 328 536 86
820 467 867 535 lll

281 643 410 706 mobilis
426 641 573 726 egregie,
589 661 749 727 perquam
764 649 921 706 constare
935 647 1107 702 necessest

209 773 257 818 205
280 756 477 843 corporibus
492 757 603 840 parvis
619 763 653 819 et
666 756 795 820 levibus
809 763 912 840 atque
926 751 1097 818 rutundis.
1180 819 1186 830 ,

282 891 367 955 quae
381 871 440 934 tibi
455 871 589 955 cognita
603 891 657 934 res
672 871 706 933 in
719 871 849 944 multis,
860 891 881 932 o
896 870 1002 946 bone,
1013 867 1116 932 rebus

282 984 371 1048 utilis
385 985 572 1048 invenietur
588 993 622 1049 et
636 992 828 1070 opportuna
842 982 979 1047 cluebit.

283 1098 366 1163 haec
381 1121 516 1184 quoque
530 1120 585 1162 res
601 1099 698 1162 etiam
711 1107 864 1162 naturam
880 1096 1016 1161 dedicat
1030 1096 1119 1168 eius,

285 1234 382 1296 quam
399 1215 488 1278 tenui
503 1222 636 1278 constet
651 1221 800 1286 textura,
812 1232 978 1296 quamque
992 1211 1068 1274 loco
1084 1229 1121 1273 se

212 1343 261 1389 220
283 1329 454 1392 contineat
468 1349 590 1413 parvo,
603 1329 630 1391 si
645 1328 753 1412 possit
767 1326 1025 1412 conglomerati,
1040 1328 1044 1336 '

285 1441 379 1525 quod
393 1443 488 1507 simul
502 1451 604 1526 atque
619 1441 785 1504 hominem
799 1441 856 1504 leti
870 1459 989 1504 secura
1003 1439 1098 1523 quies
1113 1447 1166 1501 est

285 1554 423 1641 indepta
437 1563 538 1639 atque
553 1556 651 1618 animi
664 1565 785 1619 natura
798 1555 993 1638 animaeque
1006 1552 1161 1626 recessit,

287 1668 332 1731 nil
346 1669 391 1732 ibi
406 1669 541 1734 libatrun
556 1668 598 1732 de
614 1677 687 1732 toto
703 1689 845 1754 corpore
860 1689 979 1732 cernas

288 1781 331 1845 ad
346 1783 488 1870 speeiem
498 1831 506 1857 ,
517 1783 564 1846 nil
577 1781 620 1846 ad
635 1783 786 1867 pondus:
798 1805 888 1846 mors
904 1783 1015 1846 omnia
1028 1788 1194 1866 praestat.

216 1913 264 1957 215
286 1896 420 1960 vitalem
434 1905 567 1983 praeter
582 1919 715 1963 sensum
730 1897 938 1982 calidumque
953 1917 1127 1982 vaporem.

290 2031 369 2096 ergo
385 2012 523 2076 anirnam
539 2021 642 2076 totam
656 2013 830 2100 perparvis
845 2031 919 2076 esse
933 2018 1108 2074 necessest

290 2126 485 2206 seminibus,
496 2149 613 2190 nexam
628 2149 689 2212 per
704 2148 806 2191 venas
820 2127 951 2190 viscera
964 2145 1103 2200 nervos;

290 2261 357 2325 qua
371 2249 468 2304 tenus
478 2290 486 2316 ,
497 2241 603 2306 omnis
616 2242 674 2305 ubi
689 2263 707 2305 e
722 2251 794 2306 toto
808 2241 872 2304 iam
888 2260 1032 2324 corpore
1047 2239 1161 2312 cessit,

291 2357 413 2421 extima
425 2357 646 2420 membrorum
661 2358 784 2420 circum
798 2375 937 2420 caesura
950 2363 1062 2418 tamen
1077 2375 1114 2417 se

219 2483 267 2528 220
288 2468 483 2532 incolumem
499 2477 649 2554 praestat
662 2492 724 2534 nec
739 2469 819 2534 defit
833 2469 992 2554 ponderis
1007 2467 1125 2530 hilum.

292 2581 383 2666 quod
397 2603 503 2667 genus
518 2583 720 2656 est,Baochi
735 2605 808 2647 cum
823 2582 885 2646 llos
900 2583 1052 2657 evanuit,
1063 2589 1121 2645 aut
1136 2603 1211 2646 cum

294 2696 428 2778 spiritus
442 2697 622 2780 unguentei
638 2698 748 2761 suavis
764 2697 893 2782 diffugit
907 2697 941 2759 in
957 2715 1069 2770 auras,

293 2819 351 2873 aut
365 2810 476 2894 aliquo
491 2832 564 2873 cum
579 2811 642 2874 iam
658 2833 758 2876 sucus
773 2809 816 2874 de
831 2831 975 2896 corpore
990 2811 1106 2874 cessit:

293 2925 339 2989 nil
354 2925 457 2989 oculis
473 2931 582 2988 tamen
597 2947 671 2990 esse
685 2927 793 2990 minor
806 2947 861 2990 rcs
874 2925 948 3011 ipsa
961 2922 1096 2988 videtur

222 3057 270 3102 225
292 3049 472 3126 propterea
486 3061 595 3125 neque
610 3039 795 3106 detractum
810 3040 853 3104 de
869 3039 1018 3126 pondere
1034 3039 1230 3125 quicquam,

292 3155 326 3217 ni
339 3155 471 3230 mirum,
483 3156 562 3240 quia
576 3156 678 3220 multa
692 3156 882 3241 minutaque
897 3154 1022 3219 semina
1035 3174 1136 3218 sucos

295 3268 439 3334 efficiunt
454 3277 487 3332 et
502 3268 640 3333 odorem
653 3271 687 3332 in
701 3279 774 3334 toto
791 3289 934 3356 corpore
948 3269 1013 3331 rei.

296 3403 398 3466 quare
414 3383 512 3446 etiarn
526 3390 626 3467 atque
641 3383 738 3446 etiarn
752 3383 871 3446 mentis
886 3393 1037 3446 naturam
1052 3382 1250 3466 animaeque

296 3495 381 3559 scire
395 3496 473 3559 licet
488 3516 648 3580 perquam
663 3497 815 3579 pauxillis
830 3517 904 3560 2222
919 3505 1066 3560 creatam

223 3625 272 3672 2³0
296 3609 490 3681 seminibus,
503 3609 657 3694 quoniam
672 3609 802 3694 fugiens
816 3611 862 3674 nil
877 3610 1036 3696 ponderis
1051 3610 1175 3674 aufert.
1238 3615 1252 3630 “

337 3723 408 3786 Nec
423 3731 533 3787 tamen
548 3723 631 3787 haee
647 3725 786 3809 simplex
800 3727 897 3789 nobis
911 3703 1032 3790 natura
1047 3723 1199 3810 putanda
1214 3733 1283 3789 est.

296 3837 406 3902 tenvis
421 3837 506 3901 enim
521 3837 685 3924 quaedam
699 3838 917 3904 moribundos
933 3837 1059 3902 deserit
1073 3859 1157 3902 aura

296 3951 399 4016 mixte
412 3973 553 4037 vapore,
565 3975 671 4038 vapor
684 3975 788 4038 porro
802 3955 905 4018 trahit
920 3959 999 4018 aira
1013 3974 1138 4017 secum.

297 4087 359 4129 nec
374 4066 465 4129 calor
480 4073 532 4129 est
546 4068 720 4152 quisquam
732 4117 738 4142 ,
751 4071 802 4133 cui
816 4069 939 4132 mixtus
953 4089 1022 4130 non
1038 4069 1101 4132 siet
1117 4075 1188 4132 aer:

301 4351 350 4397 210
368 4361 399 4398 20
417 4345 427 4412 11
446 4349 494 4394 222
513 4353 646 4412 unguente
665 4347 674 4410 11
694 4354 742 4400 227
755 4363 856 4400 rerum.
876 4347 886 4412 11
904 4353 952 4398 232
966 4346 1059 4400 Tenus
1078 4349 1088 4415 11
1107 4353 1156 4400 222
1175 4349 1216 4400 eui
1235 4363 1289 4399 22022
1308 4346 1344 4398 sit
1360 4341 1422 4395 22212·

301 4435 344 4480 tus
362 4435 389 4480 et
406 4443 464 4478 aer.
