2946 5188
656 479 686 548 ll

105 652 220 718 dicere
236 652 323 717 enim
337 653 449 739 possis
464 652 641 717 caelestem
654 651 799 717 fulminis
813 653 921 738 ignem

18 785 81 832 ass
105 769 264 855 suptilem
279 767 384 853 magis
399 789 418 830 e
432 768 547 853 parvis
562 775 718 833 constare
732 767 862 853 figuris,

105 889 210 968 atque
223 880 301 947 ideo
317 883 461 948 transire
474 881 637 946 foramina
652 903 737 968 quae
751 882 867 966 nequit
881 883 967 967 ignis

104 1005 224 1062 noster
238 997 294 1062 hic
309 1019 327 1061 e
340 997 438 1083 lignis
453 1007 529 1062 ortu
545 996 709 1082 taedaque
725 1004 873 1062 creatus.

104 1119 285 1196 praeterea
299 1112 408 1176 lumen
422 1133 484 1198 per
498 1133 636 1176 cornum
650 1111 789 1187 transit,
800 1117 836 1176 at
849 1111 954 1175 imber

103 1228 294 1312 respuitur.
307 1225 435 1314 quare?
445 1225 509 1290 nisi
523 1227 653 1290 luminis
666 1225 723 1290 illa
736 1225 865 1322 minora

20 1357 79 1404 auu
103 1363 252 1427 corpora
266 1350 346 1406 sunt
360 1362 458 1428 quam
474 1339 517 1405 de
533 1338 654 1426 quibus
669 1348 722 1405 est
734 1340 845 1425 liquor
860 1340 965 1404 almus
980 1360 1155 1424 aquarum.

104 1469 142 1520 et
156 1457 308 1541 quamvis
323 1456 433 1520 subito
447 1477 510 1542 per
524 1455 632 1519 colum
648 1456 725 1520 vina
739 1453 890 1520 videmus

102 1569 287 1655 perfluere:
300 1579 335 1634 at
349 1578 467 1636 contra
481 1569 614 1636 tardum
629 1575 805 1634 cunctatur
820 1569 958 1643 clivom,

103 1693 165 1748 aut
179 1686 274 1770 quia,
285 1686 319 1748 ni
333 1686 450 1750 mirum
460 1733 468 1761 ,
478 1664 658 1749 maioribus
673 1693 725 1748 est
741 1683 911 1748 elementis

101 1807 166 1862 aut
177 1801 282 1886 magis
298 1799 415 1864 amatis
429 1800 517 1866 inter
531 1822 568 1864 se
583 1819 710 1886 perque
725 1797 872 1883 plicatis,

21 1931 77 1976 sss
101 1923 208 2000 atque
220 1913 298 1979 ideo
312 1913 351 1977 fit
364 1914 413 1978 uti
427 1935 496 1978 non
510 1921 577 1979 tam
593 1909 731 1978 diducta
744 1921 882 1998 repente

100 2031 192 2094 inter
207 2029 390 2113 sepossint
403 2027 586 2114 primordia
599 2027 728 2114 singula
742 2048 895 2112 quaeque

102 2143 237 2229 singula
250 2163 311 2229 per
326 2143 486 2228 cuiusque
500 2142 663 2208 foramina
675 2161 887 2227 permanare.

146 2257 222 2322 Huc
237 2256 366 2322 secedit
379 2258 428 2322 uti
442 2257 547 2322 mellis
562 2256 724 2340 lactisque
737 2255 886 2340 liquores

99 2371 250 2438 iucundo
266 2393 366 2436 sensu
380 2373 513 2458 linguae
526 2371 714 2436 tractentur
728 2370 762 2434 in
777 2389 851 2432 ore:

22 2507 75 2554 mo
98 2497 138 2553 at
153 2495 271 2553 contra
284 2496 393 2552 taetra
407 2486 554 2552 absinthi
568 2494 690 2551 natura
702 2483 833 2568 ferique

100 2603 252 2668 centauri
265 2600 367 2666 foedo
382 2609 607 2688 pertorquent
621 2622 682 2664 ora
696 2619 834 2684 sapore3

99 2727 141 2783 ut
154 2717 251 2782 facile
265 2738 429 2803 agnoscas
444 2738 462 2780 e
476 2716 604 2781 levibus
620 2724 720 2801 atque
734 2711 890 2779 rutundis
920 2707 921 2711 ’

100 2853 178 2898 csse
193 2853 333 2919 eaquae
348 2853 467 2896 sensus
480 2829 625 2895 iucunde
640 2839 778 2916 tangere
794 2837 952 2914 possunt,

98 2957 136 3012 at
152 2955 270 3013 contra
284 2967 370 3032 quae
384 2965 496 3010 amara
510 2953 613 3030 atque
628 2965 749 3032 aspera
763 2963 904 3028 cumque
920 2943 1090 3019 videntur,

24 3083 74 3128 rus
96 3063 184 3127 hacc
198 3063 303 3148 magis
319 3062 438 3125 amatis
449 3060 538 3124 inter
553 3079 590 3122 se
605 3061 825 3132 narratorem,

96 3185 347 3264 proptereaque
362 3175 470 3240 solere
484 3175 556 3238 vias
570 3171 763 3238 rescindere
776 3171 902 3234 nostris

98 3291 256 3357 sensibus
269 3290 475 3375 introituque
490 3311 552 3354 suo
567 3307 783 3373 perrumpere
798 3306 936 3371 corpus.
1015 3327 1020 3336 -

143 3405 264 3472 Omnia
277 3413 448 3492 postremo
464 3405 553 3468 bona
568 3403 722 3469 sensibus
738 3399 771 3466 e't
785 3401 870 3465 mala
886 3409 977 3464 tactu

97 3522 250 3588 dissimili
263 3522 350 3585 inter
366 3541 402 3584 se
416 3527 568 3606 pugnant
582 3516 733 3604 perfecta
744 3517 868 3602 figura3

26 3657 73 3702 mc
94 3659 139 3702 ne
154 3645 192 3701 tu
204 3635 293 3700 forte
307 3643 406 3722 putes
421 3655 534 3698 serrae
549 3631 722 3698 stridentis
737 3611 893 3696 acerbum

94 3754 274 3818 horrorem
288 3757 444 3814 constare
458 3747 627 3813 elementis
641 3746 772 3811 levibus
787 3766 893 3829 aequo

94 3889 136 3932 ac
151 3887 287 3930 musaea
300 3865 402 3937 mele,
413 3885 473 3948 per
488 3860 636 3927 chordas
651 3859 798 3947 organici
815 3881 900 3944 quac

93 3979 273 4045 mobilibus
288 3979 398 4065 digitis
414 3976 650 4064 expergefacta
663 3976 823 4062 figurant3

93 4117 162 4160 neu
176 4095 270 4159 simili
286 4103 461 4180 penetrare
477 4100 576 4179 putes
592 4089 774 4176 primordia
788 4088 895 4153 forma

96 4384 147 4431 ³84
165 4377 288 4430 fulminas
312 4375 322 4443 Η
347 4381 396 4428 387
416 4383 490 4428 ortus
509 4375 519 4441 ll
538 4377 586 4427 390
605 4371 697 4425 alimus
716 4373 726 4440 ll
746 4377 794 4424 396
813 4371 928 4441 singultu
945 4371 956 4438 ΙΙ
975 4375 1023 4424 403
1044 4367 1168 4420 iucundot
1186 4371 1224 4416 ta·

95 4477 159 4514 rere
176 4461 186 4528 ῙΙ
206 4465 255 4513 403
274 4457 417 4513 Nobilibus
436 4458 446 4525 ΙΙ
465 4465 514 4510 414
532 4455 667 4527 penetrale
