3034 5204
140 631 253 695 Nunc
271 649 357 715 quae
373 647 475 692 eausa
489 627 588 692 deum
602 649 664 714 per
678 647 815 713 magnas
830 629 965 694 numina
978 632 1088 718 gentis

103 745 323 832 pervulgarit
338 751 372 808 11
386 764 518 807 ararum
532 743 749 828 compleverit
763 745 854 808 urbis

101 859 397 946 suscipiendaque
412 859 537 923 curarit
551 857 724 922 sollemnia
738 877 850 934 sacra,

102 997 189 1061 quae
207 996 305 1038 nunc
318 975 352 1038 in
366 974 494 1060 magnis
508 972 631 1038 florent
644 994 741 1037 saera
754 974 845 1038 rebu'
859 975 1024 1061 locisque,

51 1090 195 1156 31111111
214 1092 319 1155 etiam
333 1111 423 1154 nunc
438 1098 491 1154 est
503 1087 700 1154 mortalibus
715 1089 835 1154 insitus
849 1089 987 1167 horror,

101 1207 160 1290 qui
177 1206 330 1270 delubra
344 1204 442 1268 deum
456 1225 545 1269 nova
558 1211 632 1268 toto
648 1205 788 1268 suscitat
802 1204 876 1268 orbi

100 1330 282 1387 terrarum
297 1329 331 1384 et
344 1320 440 1384 festis
455 1319 546 1405 cogit
560 1320 730 1384 celebrare
745 1318 881 1393 diebus,

101 1458 175 1501 non
192 1439 247 1502 ita
261 1435 428 1500 difficilest
440 1434 604 1499 rationem
617 1433 762 1498 reddere
777 1433 902 1499 verbis.
929 1407 932 1416 Ι

103 1554 242 1640 quippe
258 1551 379 1615 etenim
392 1551 458 1614 iam
471 1557 542 1612 tum
557 1548 669 1614 divom
684 1549 837 1614 mortalia
851 1551 961 1615 saecla

50 1681 91 1724 'dtu
107 1667 271 1753 egregias
286 1666 394 1730 animo
407 1664 510 1729 facies
525 1663 682 1760 vigilante
697 1663 871 1750 videbant,

106 1793 142 1846 11
156 1781 273 1867 magis
287 1781 321 1844 in
335 1778 459 1844 somnis
474 1777 626 1843 mirando
641 1779 804 1873 eorporis¹
810 1787 924 1844 auctu.

106 1896 163 1960 his
179 1897 285 1984 igitur
300 1917 433 1960 sensum
447 1894 639 1959 tribuebant
653 1901 835 1982 propterea
853 1895 947 1982 quod

110 2013 267 2076 membra
281 2031 417 2075 movere
431 2007 633 2074 videbantur
646 2030 817 2095 vocesque
831 2013 994 2096 superbas

110 2128 249 2191 mittere
264 2147 327 2213 pro
342 2125 427 2189 faeie
442 2121 614 2211 praeclara
629 2133 663 2188 et
677 2125 803 2190 viribus
818 2125 951 2211 amplis.

51 2253 96 2299 1111
110 2253 353 2325 aeternamque
368 2239 629 2315 detonantem,
642 2239 719 2324 quia
734 2259 865 2326 semper
881 2262 995 2304 eorum

112 2353 396 2442 subpeditabatur
410 2355 512 2419 facies
527 2362 561 2419 11
567 2354 682 2418 'forma
695 2354 866 2431 manebat,

114 2480 150 2536 11
165 2481 280 2566 tamen
294 2470 426 2534 omnino
442 2469 536 2556 quod
551 2469 652 2534 tantis
666 2470 793 2534 viribus
808 2478 926 2535 anctos

113 2609 186 2650 non
201 2595 327 2650 11111111
342 2585 409 2650 ulla
423 2585 455 2649 vi
472 2585 625 2650 convinci
640 2607 741 2672 posse
756 2587 935 2673 putabant.
1048 2617 1052 2628 ·

115 2701 330 2786 fortunisque
344 2700 421 2764 ideo
437 2701 536 2786 longe
550 2709 724 2786 praestare
738 2702 918 2788 putabant,
1011 2775 1016 2784 Ι

53 2827 99 2875 uso
114 2813 211 2902 quod
225 2816 342 2894 mortis
356 2817 455 2880 timor
469 2815 553 2880 haut
567 2836 767 2902 quemquam
780 2825 920 2880 vexaret
935 2838 1064 2892 eorum,

116 2943 152 2995 11
168 2931 266 2994 simul
279 2932 313 2995 in
328 2931 451 2995 somnis
467 2931 546 3017 quia
559 2931 664 2995 multa
679 2938 713 2994 11
726 2929 809 2994 mira
821 2929 983 2994 videbant

116 3045 251 3109 efficere
266 3055 300 3111 et
314 3046 438 3110 nullum
454 3065 574 3131 capere
588 3046 682 3129 ipsos
695 3041 774 3107 inde
789 3042 952 3107 laborem.

117 3169 295 3246 praeterea
309 3163 391 3226 caeli
404 3161 554 3226 rationes
570 3157 688 3223 ordine
704 3165 796 3222 certo

120 3283 154 3340 11
168 3277 262 3342 varia
275 3297 436 3341 annorum
452 3276 635 3341 cernebant
648 3283 802 3361 tempora
815 3273 915 3346 verti,

56 3401 104 3452 uss
117 3412 182 3455 nee
195 3401 355 3478 poterant
371 3393 491 3477 quibus
505 3389 541 3455 id
556 3389 651 3454 ficret
666 3409 871 3476 cognoscere
887 3388 1011 3452 causis:

120 3527 201 3592 ergo
216 3506 403 3593 perfugium
418 3507 481 3570 sibi
495 3505 666 3571 habebant
681 3505 790 3570 omnia
805 3502 890 3568 divis

121 3619 255 3685 tradere
271 3629 304 3686 11
317 3621 448 3686 illorum
462 3629 545 3685 nutu
558 3620 670 3685 facere
685 3619 796 3685 omnia
809 3618 897 3683 flecti
909 3669 916 3683 .

120 3737 155 3799 in
169 3736 330 3823 caeloque
346 3735 444 3800 deum
459 3734 557 3800 sedes
574 3743 608 3799 et
621 3735 745 3821 templa
758 3736 927 3810 locarunt,

121 3873 182 3939 per
198 3851 324 3916 caelum
338 3852 428 3916 volvi
443 3851 522 3938 quia
532 3849 591 3913 lux
606 3855 641 3912 et
653 3848 732 3914 luna
746 3848 896 3925 videtur,

57 3979 107 4029 uso
120 3966 214 4042 luna,
226 3965 314 4042 dics,
327 3974 361 4031 11
374 3989 461 4043 nox,
473 3973 507 4030 et
520 3963 630 4028 noetis
644 3963 740 4049 signa
753 3985 885 4039 serena,

123 4082 385 4170 noctivagaeque
398 4081 491 4148 faces
507 4080 606 4157 caeli,
617 4078 834 4166 flammaeque
848 4079 1018 4157 volantes,

25 4437 26 4448 γ
127 4371 190 4418 1172
209 4373 337 4436 proptera
356 4363 366 4433 11
387 4370 451 4418 1178
470 4361 542 4434 111111
564 4369 628 4416 1184
647 4363 733 4417 varias
753 4361 763 4430 11
785 4361 955 4415 1185111111
974 4361 984 4429 Η
1005 4368 1136 4416 1181111111
1154 4362 1165 4430 ΙΙ
1187 4366 1251 4414 1190

126 4449 244 4502 anoctis
263 4447 273 4520 ΙΙ
293 4465 397 4503 severa.

990 4545 1049 4608 13·
