2970 5268
287 447 354 514 170
834 448 863 512 V

210 640 258 686 395
282 629 316 686 et
330 621 448 693 semel,
461 627 497 682 ut
511 618 600 682 fama
614 633 683 695 est,
694 642 789 684 umor
805 623 952 708 regnarit
966 621 999 685 in
1014 623 1118 686 arvis.

279 737 365 823 ignis
381 735 465 799 enim
481 742 619 820 superat
634 744 667 799 ot
681 736 830 800 lambens
845 736 949 800 multa
963 737 1123 821 perussit.

281 852 356 917 avia
370 873 445 914 cum
460 849 674 914 Phaethonta
688 871 795 935 rapax
810 852 860 916 vis
875 849 955 914 solis
970 872 1132 936 equorum

281 967 417 1032 aethere
432 965 579 1051 raptavit
594 971 666 1028 toto
683 973 857 1050 terrasque
873 986 933 1052 per
949 968 1069 1031 omnis:

281 1091 317 1146 at
331 1091 427 1167 pater
442 1079 654 1165 omnipotens
668 1079 718 1143 ira
733 1091 802 1144 tum
817 1081 965 1166 percitus
981 1081 1051 1145 acri

209 1215 258 1262 ⁴00
280 1196 523 1283 magnanimum
537 1193 752 1258 Phaethonta
767 1197 896 1282 repenti
910 1195 1054 1260 fulminis
1070 1197 1137 1260 ictu

280 1311 471 1377 deturbavit
486 1295 579 1394 equis
594 1309 628 1372 in
644 1317 783 1382 terram,
795 1309 914 1395 solque
929 1308 1062 1374 cadenti

280 1427 398 1491 obvius
413 1434 583 1490 aeternam
598 1425 748 1509 succepit
762 1423 918 1509 lampada
933 1423 1064 1499 mnndi,

280 1540 504 1625 disiectosque
518 1538 649 1624 redegit
664 1561 769 1624 equos
783 1527 957 1624 iunxitque
971 1543 1160 1615 trementis,
1245 1517 1250 1524 ⁹

277 1654 356 1719 inde
372 1676 467 1719 suum
481 1676 542 1738 per
556 1652 620 1718 iter
635 1656 798 1718 recreavit
813 1665 932 1718 cuncta
945 1655 1150 1740 gubernans,

207 1787 257 1835 405
279 1769 422 1842 scilicet,
433 1778 470 1833 ut
486 1751 617 1833 veteres
633 1767 768 1833 Graium
784 1769 934 1834 cecinere
949 1776 1084 1854 poetae.

279 1884 371 1970 quod
385 1882 504 1970 procul
518 1905 538 1946 a
552 1905 632 1946 vera
646 1883 741 1947 nimis
758 1893 809 1948 est
823 1885 952 1948 ratione
966 1885 1149 1970 repulsum.

277 2001 363 2086 ignis
379 1999 464 2064 enim
479 2020 638 2084 superare
654 2008 768 2084 potest
783 2000 839 2062 ubi
853 2001 1002 2065 materiai

279 2136 321 2178 cx
334 2115 463 2179 infinito
478 2121 557 2178 sunt
571 2135 716 2200 corpora
730 2113 826 2199 plura
841 2122 973 2188 coorta,

205 2248 253 2294 410
277 2237 310 2294 et
324 2240 466 2316 pereunt
479 2251 534 2292 res
550 2237 688 2292 exustae
703 2230 907 2293 torrentibus
922 2229 1026 2293 auris:

206 2362 254 2409 toa
276 2345 355 2409 inde
370 2344 495 2410 cadunt
509 2346 596 2409 vires
612 2343 723 2429 aliqua
736 2345 866 2408 ratione
880 2345 1040 2409 revictae.

207 2477 253 2522 ιιι
278 2482 373 2524 umor
387 2461 465 2524 item
482 2458 651 2545 quondam
668 2459 780 2544 coepit
794 2481 954 2547 superare
970 2469 1122 2532 coortus,

278 2583 315 2638 ut
328 2575 416 2637 fama
431 2581 499 2648 est,
509 2572 679 2636 hominum
694 2573 814 2637 multas
831 2574 966 2659 quaudo
983 2576 1095 2640 obruit
1108 2577 1215 2642 urbis:

278 2687 357 2752 inde
371 2689 429 2752 ubi
443 2688 493 2751 vis
508 2687 620 2771 aliqua
633 2687 763 2750 ratione
778 2707 897 2752 aversa
910 2691 1062 2764 recessit,

279 2825 321 2866 ex
334 2802 462 2866 infinito
476 2802 588 2866 fuerat
602 2822 688 2886 quae
704 2823 845 2887 cumque
861 2813 993 2880 coorta,

205 2935 253 2982 415
276 2917 502 2982 constiterunt
514 2916 637 2980 imbres
653 2924 687 2981 et
701 2915 835 2986 flumina
849 2918 915 2981 vim
930 2919 1133 2984 minuerunt.

230 3089 233 3094 .
320 3031 388 3098 Sed
405 3031 525 3118 quibus
539 3032 593 3098 ille
607 3029 715 3096 modis
732 3033 901 3098 coniectus
916 3034 1064 3098 materiai

276 3149 425 3214 hindarit
438 3158 562 3213 terram
579 3157 612 3212 et
627 3149 753 3214 caelum
769 3150 930 3236 pontique
945 3148 1127 3234 profunda,

279 3265 359 3328 solis
375 3263 464 3328 lunai
479 3285 614 3343 eumue,
627 3285 668 3328 ex
684 3263 802 3328 ordine
816 3286 954 3349 ponam.

276 3399 351 3442 nam
367 3386 456 3443 certe
471 3399 580 3463 neque
596 3378 734 3441 consilio
751 3377 933 3464 primordia
946 3399 1055 3442 rerum

205 3509 254 3556 420
277 3490 395 3556 ordine
410 3513 446 3555 se
461 3513 523 3554 suo
540 3511 693 3576 quaeque
707 3492 819 3576 sagaci
833 3501 943 3556 ruente
959 3493 1112 3558 locarunt

276 3628 338 3670 nec
354 3629 439 3692 quos
455 3626 608 3692 quaeque
623 3603 745 3669 darent
759 3615 869 3670 motus
884 3607 1041 3694 pepigere
1056 3609 1225 3695 profecto,

276 3720 337 3786 sed
352 3721 431 3806 quia
446 3721 549 3786 muita
562 3719 671 3786 modis
687 3721 797 3786 multis
814 3721 996 3807 primordia
1010 3745 1119 3788 rorum

277 3858 318 3900 ex
333 3835 461 3900 infinito
475 3837 539 3900 iam
555 3845 707 3924 tempore
721 3837 849 3923 percita
863 3837 969 3924 plagis

276 3949 550 4038 ponderibusque
564 3954 634 4018 suis
649 3961 854 4018 consuerunt
870 3955 1001 4018 concita
1015 3953 1094 4018 ferri

203 4085 252 4130 425
276 4067 541 4152 omnimodisque
557 4069 646 4133 coire
661 4077 762 4155 atque
778 4057 887 4135 omnia
902 4078 1142 4156 pertemptare.

279 4355 328 4402 396
346 4348 482 4419 superavit
499 4357 526 4401 et
544 4351 653 4402 ambens
679 4347 689 4418 il
718 4356 766 4402 397
785 4357 929 4419 pctontmm
956 4348 966 4417 li
995 4355 1043 4402 399
1063 4369 1121 4404 curn
1151 4351 1161 4416 Η
1188 4359 1236 4404 400
1256 4352 1370 4406 ssuurinis
1398 4358 1400 4414 t

277 4439 326 4486 toa
346 4441 449 4503 gratum
469 4431 479 4500 il
497 4439 547 4485 410
566 4432 622 4485 hut
640 4433 650 4498 ΙΙ
670 4440 718 4485 412
738 4432 830 4486 undis.
849 4429 858 4500 Η
879 4438 926 4483 425
946 4441 1019 4486 cotre
