3034 5204
275 487 348 557 228
518 459 522 470 '
815 485 867 553 vr

205 679 253 725 675
276 663 333 748 qui
346 682 414 725 non
429 653 507 724 erite
522 660 665 746 aliquem
679 657 836 724 maiorem
851 657 952 734 vidit,
964 667 998 723 et
1011 661 1129 746 ingens

277 777 379 840 arbor
392 776 562 860 homoque
578 773 728 849 videtur,
742 782 776 837 et
790 774 899 838 omnia
914 771 956 836 de
971 795 1093 860 genere
1109 775 1197 838 omni

277 892 419 955 maxima
433 911 518 975 quae
533 888 617 954 vidit
632 889 790 974 quisque,
801 888 885 952 haec
899 889 1045 975 ingentia
1058 889 1169 974 lingit,

279 1027 353 1069 cum
366 1013 477 1104 tamen
493 1005 602 1068 omnia
617 1026 692 1070 eum
706 1003 799 1068 eaelo
815 1011 972 1088 terraque
986 1003 1135 1088 marique

277 1121 323 1184 nil
337 1119 405 1183 sint
418 1117 462 1183 ad
477 1140 636 1182 summam
651 1120 789 1182 summai
802 1117 907 1181 totius
922 1139 1067 1182 omnem.

207 1251 256 1298 eae
318 1235 418 1297 Nune
431 1241 542 1298 tamen
557 1234 613 1298 illa
626 1232 734 1298 modis
750 1233 871 1316 quibus
885 1233 1022 1297 inritata
1035 1241 1173 1317 repente

277 1349 407 1413 flamma
420 1347 513 1413 foras
527 1349 631 1412 vastis
645 1347 775 1412 Aetnae
788 1346 981 1411 fornacibus
997 1345 1101 1421 efflet,

279 1463 471 1550 expediam.
483 1463 623 1548 primum
638 1463 742 1527 totius
758 1461 907 1526 subcava
921 1461 1043 1525 montis

280 1587 332 1642 est
345 1585 482 1650 natura,
494 1577 564 1641 fere
579 1576 706 1640 silicum
721 1575 856 1640 suffulta
871 1577 1037 1640 cavernis.

279 1691 431 1756 omnibus
446 1699 498 1756 est
512 1712 614 1776 porro
629 1690 663 1754 in
678 1689 845 1777 speluncis
859 1698 980 1755 ventus
995 1700 1030 1755 et
1044 1695 1116 1754 adr.

206 1825 255 1872 585
278 1813 399 1870 ventus
414 1805 498 1869 enim
512 1805 564 1878 fit,
576 1803 633 1867 ubi
648 1814 701 1868 est
714 1803 874 1890 agitando
889 1805 1036 1891 percitus
1051 1813 1126 1869 adr:

278 1921 334 1985 hie
347 1921 404 1984 ubi
421 1919 583 2005 percaluit
598 1918 668 1982 eale
683 1917 830 2002 lecitque
846 1920 955 1982 omnia
970 1919 1093 1984 circum

279 2057 362 2099 saxa
375 2033 507 2110 furens,
520 2055 587 2120 qua
601 2032 782 2119 contingit,
793 2042 1000 2118 terramque,
1012 2043 1046 2098 et
1059 2034 1101 2098 ab
1117 2033 1191 2098 ollis

281 2150 427 2215 excussit
442 2147 585 2214 calidum
599 2145 736 2210 flammis
752 2147 923 2212 velocibus
937 2148 1062 2232 ignem,

279 2264 367 2329 tollit
381 2287 418 2329 se
432 2286 472 2328 ac
487 2263 587 2327 rectis
601 2263 649 2326 ita
662 2260 815 2326 faucibus
831 2263 906 2327 eicit
921 2263 1001 2329 alte.

207 2395 257 2442 cao
279 2377 346 2444 fert
359 2379 471 2465 itaque
487 2376 642 2442 ardorem
655 2378 771 2462 louge,
781 2359 949 2464 longeque
963 2377 1106 2443 favillam

280 2492 407 2568 differt,
421 2501 454 2556 et
470 2513 583 2557 crassa
597 2491 702 2556 volvit
717 2492 855 2576 ealigine
869 2491 1008 2568 fumum,

281 2605 496 2691 extruditque
511 2605 607 2670 simul
621 2604 774 2669 mirando
788 2605 940 2690 pondere
955 2629 1053 2680 saxa;

279 2741 321 2784 ne
338 2719 471 2784 dubites
488 2719 567 2804 quin
582 2718 665 2781 baec
681 2720 800 2783 animai
815 2721 949 2786 turbida
963 2723 1007 2786 sit
1022 2721 1086 2785 vis.

279 2841 455 2922 praeterea
469 2854 589 2920 magna
603 2855 645 2898 ex
659 2834 747 2918 parti
762 2855 850 2898 mare
866 2837 987 2900 montis
1001 2834 1045 2899 ad
1061 2835 1132 2899 eius

207 2927 256 3012 aaa
278 2948 410 3013 radices
423 2949 548 3035 frangit
561 2947 682 3013 fluetus
697 2957 891 3033 aestumque
905 2951 1074 3015 resorbet.

280 3085 321 3128 ex
336 3063 402 3128 hoc
416 3086 523 3150 usque
537 3065 619 3128 mari
634 3064 813 3150 speluncae
828 3065 950 3130 montis
964 3064 1008 3129 ad
1023 3065 1109 3130 altas

278 3179 478 3264 perveniunt
493 3179 609 3242 subter
623 3177 738 3242 fauces
749 3227 756 3241 .
766 3180 831 3243 hac
845 3180 892 3244 ire
907 3179 1114 3245 fatendumst

280 3301 314 3357 et
327 3302 505 3378 penetrare
519 3294 619 3357 maris
635 3296 768 3378 penitus
782 3301 941 3379 pereocta
954 3295 988 3358 in
1003 3305 1154 3381 apertum

277 3416 379 3492 atque
394 3404 507 3470 efflare
521 3407 613 3471 foras
624 3455 632 3480 ,
643 3406 787 3492 ideoque
804 3408 963 3472 extollere
977 3408 1139 3474 flammam

205 3537 255 3585 τοο
278 3541 427 3605 saxaque
442 3521 629 3585 subiectare
646 3528 680 3584 et
694 3541 815 3583 arenae
828 3521 946 3585 tollere
960 3523 1107 3588 nimbos.

277 3635 310 3698 in
326 3637 453 3698 summo
469 3642 547 3698 sunt
561 3633 685 3697 vertice
701 3634 787 3698 enim
803 3643 965 3712 crateres,
977 3647 1015 3701 ut
1028 3638 1093 3723 ipsi

275 3749 489 3826 nominitaut3
502 3769 563 3812 nos
579 3748 671 3833 quod
686 3747 800 3814 fauces
814 3750 1027 3835 perhibemus
1042 3761 1076 3817 et
1090 3773 1164 3818 ora.

317 3863 404 3928 Sunt
418 3863 546 3948 aliquot
560 3849 696 3948 quoque
709 3885 763 3927 res
779 3887 918 3950 quarum
932 3888 1031 3932 unam
1047 3867 1158 3932 dicere
1173 3889 1306 3932 causam

274 3999 344 4041 non
358 3977 439 4041 satis
455 3985 506 4041 est
516 4026 523 4052 ‚
534 3998 649 4042 verum
664 3979 785 4064 pluris,
797 3982 887 4045 unde
901 4003 967 4046 una
981 3991 1092 4046 tamen
1107 3983 1171 4057 sita

203 4107 252 4156 tea
275 4111 398 4176 corpus
412 4101 451 4157 ut
465 4091 650 4157 exanimum
665 4093 788 4180 siquod
802 4095 921 4181 procul
934 4096 1007 4180 ipsc
1020 4097 1129 4162 iacere

274 4371 444 4425 ciconnis.
468 4369 479 4437 ll
501 4375 549 4422 663
568 4369 680 4426 sillieum
703 4373 715 4441 ll
738 4379 786 4426 687
806 4371 918 4443 contigit
940 4375 950 4442 ll
975 4381 1023 4428 660
1042 4377 1115 4446 itque
1137 4376 1147 4444 ΙΙ
1171 4382 1218 4429 695
1238 4375 1371 4430 resolvet.
1392 4381 1403 4448 ll

273 4457 323 4504 696
341 4453 406 4507 mari
425 4453 532 4524 penitus
550 4471 594 4508 res
613 4457 685 4524 cogit
702 4463 808 4527 aperto.
827 4457 837 4524 ll
857 4462 903 4510 701
925 4459 1050 4512 vortioeui
1069 4461 1079 4526 ΙΙ
1098 4467 1147 4514 705
1166 4461 1276 4514 iaceret.
