2970 5268
626 481 673 548 111

27 672 66 716 sss
88 675 151 717 nec
165 651 252 738 qnod
265 653 329 717 sub
344 673 465 740 magno
480 662 674 720 scrutentur
688 663 826 741 pectore
842 659 1020 744 quicquam

88 777 277 856 perpetrem
292 775 434 834 aetutem
450 778 595 854 possunt
607 770 941 866 reperireprofectu.

87 905 183 968 quam
196 883 275 947 libet
288 883 421 948 immani
435 885 588 984 proiectu
603 885 755 970 corporis
770 897 898 960 exstet,

87 997 143 1082 qni
158 997 307 1062 nunsula
321 1019 442 1064 novem
457 997 618 1084 dispessis
631 1001 747 1086 iugera
760 1002 916 1067 membris

85 1113 245 1198 optineat,
257 1111 319 1176 sed
335 1113 394 1197 qui
407 1114 509 1185 terrei
523 1115 626 1178 totius
641 1115 771 1190 orbem,

27 1245 64 1288 ee
82 1249 150 1292 non
164 1237 271 1292 temen
285 1236 457 1292 aeternum
470 1228 597 1314 poterit
610 1228 760 1316 perferre
776 1229 928 1296 dolorem

84 1363 143 1405 nec
158 1341 317 1427 praebere
331 1341 441 1406 eibum
455 1344 595 1428 proprio
610 1343 654 1408 de
668 1365 812 1430 corpore
826 1366 971 1434 semper.

82 1455 142 1520 sed
156 1457 273 1544 Tityos
288 1455 387 1520 nobis
401 1455 457 1520 hic
473 1466 541 1532 est,
552 1458 586 1522 in
600 1480 713 1524 amere
727 1460 889 1525 iacentem

84 1593 177 1657 quem
191 1571 347 1636 volucres
361 1570 510 1636 lacerent
524 1581 626 1658 etque
641 1583 737 1639 exest
750 1575 869 1640 anxius
884 1597 990 1662 engor-

82 1695 138 1751 eut
151 1687 213 1751 alie
227 1686 347 1772 quevis
361 1684 521 1766 scindunt
535 1687 726 1784 cuppedine
741 1711 856 1754 curae.

26 1816 61 1862 sss
79 1801 241 1888 Sisyphus
254 1801 292 1864 in
306 1803 378 1866 vita
392 1821 528 1888 quoque
543 1803 639 1866 nobis
655 1811 735 1868 ente
750 1803 866 1869 oeulos
882 1813 948 1882 est,

79 1917 133 2000 qui
145 1924 261 2001 petere
276 1937 296 1980 e
309 1915 436 2002 populo
450 1915 560 1982 fasces
572 1939 759 2004 saevasque
774 1939 909 1984 secures

77 2031 216 2107 imbibit,
228 2039 261 2095 et
275 2051 408 2116 semper
420 2031 529 2094 victus
545 2032 717 2118 tristisque
730 2033 872 2100 recedit.

77 2166 149 2210 nam
162 2155 278 2232 petere
291 2145 481 2230 imperium,
492 2145 585 2230 quod
599 2147 731 2212 inanest
744 2169 807 2212 nec
822 2147 922 2214 detur
935 2173 1106 2236 umquem,

76 2269 174 2345 etque
187 2261 222 2325 in
237 2281 278 2324 eo
293 2279 424 2344 semper
439 2258 561 2324 durum
574 2260 713 2325 sufferre
728 2263 894 2338 laborem,

11 2345 63 2435 ¹eu
75 2373 136 2440 hoc
150 2383 203 2440 est
216 2373 360 2440 adverso
374 2374 547 2438 nixantem
560 2373 696 2438 trudere
709 2385 824 2440 monte

75 2510 202 2564 sexum,
215 2488 308 2575 quod
322 2497 434 2554 temen
449 2509 467 2552 e
481 2509 610 2554 summo
622 2490 690 2554 iam
703 2492 829 2556 vertice
843 2515 956 2558 rusum

74 2604 216 2669 volvitur
231 2611 265 2669 ct
278 2603 368 2689 pieni
383 2603 503 2690 ruptim
518 2605 603 2690 petit
617 2627 766 2691 aequore
781 2609 904 2694 campi.

76 2716 192 2783 deinde
206 2719 305 2783 enimi
319 2719 484 2805 ingratum
498 2727 650 2785 naturam
664 2742 804 2808 pascere
819 2743 965 2810 semper,

74 2843 169 2920 atque
184 2834 320 2920 explere
333 2833 431 2898 bonis
446 2835 546 2899 rebus
561 2837 752 2922 satiareque
766 2859 964 2923 numquam,

23 2957 62 3003 ¹³³³
74 2948 160 3031 qnod
175 2949 302 3014 faciunt
316 2949 412 3014 nobis
427 2970 591 3014 annorum
604 2959 759 3036 tempore
773 2952 913 3024 victum,

73 3083 140 3126 eum
153 3063 314 3144 redeunt,
325 3062 483 3148 fetusque
496 3063 609 3128 serunt
622 3063 803 3149 variosque
817 3065 967 3150 lepores,

72 3197 126 3240 nee
139 3187 251 3242 tamen
267 3179 439 3264 expiemur
453 3177 533 3241 vitei
547 3175 711 3242 fructibus
725 3197 900 3262 umquem

73 3288 146 3368 hoc,
157 3303 195 3357 ut
210 3293 348 3380 opinor,
359 3290 393 3356 id
409 3299 477 3367 est,
489 3311 574 3356 eevo
588 3291 731 3357 florente
744 3293 874 3379 puellas

73 3404 157 3488 quod
172 3414 359 3472 memorent
372 3407 504 3472 laticem
518 3415 689 3494 pertusum
705 3428 887 3494 congerere
900 3408 935 3473 in
949 3431 1025 3484 ves,

22 3525 60 3572 111
71 3520 153 3602 quod
168 3529 281 3586 temen
296 3522 424 3609 expleri
438 3523 530 3588 nuile
542 3524 673 3588 ratione
688 3530 859 3610 potestru.

72 3631 228 3701 Cerberus
244 3645 278 3702 et
291 3635 397 3702 furiae
411 3637 475 3700 iem
490 3659 589 3714 vero,
603 3646 637 3702 et
651 3637 734 3703 lucis
749 3659 874 3725 egenus

70 3744 223 3815 Tartarus
237 3751 423 3816 horriferos
439 3761 593 3817 eructans
607 3753 758 3818 faucibus
773 3761 905 3828 aestus,
950 3795 956 3812 ι

70 3864 141 3944 quid
150 3864 168 3929 Ρ
178 3887 288 3951 neque
303 3873 382 3932 sunt
394 3887 537 3953 usquam
551 3887 614 3931 nec
628 3878 772 3954 pessunt
786 3889 860 3932 esse
875 3868 1045 3955 profecto:

69 3977 121 4042 sed
134 3989 241 4046 metus
255 3981 290 4045 in
304 3981 375 4046 vite
388 4003 572 4068 poenarum
587 4003 651 4068 pro
666 3982 862 4048 malefactis

71 4179 259 4193 N-—Q

69 4294 108 4342 9111
127 4294 189 4363 quid
207 4294 217 4364 ΙΙ
236 4301 286 4348 988
304 4295 435 4366 dispersis
454 4294 463 4364 Η
483 4302 532 4348 992
552 4314 581 4350 es
600 4297 610 4366 ΙΙ
629 4303 678 4350 991
697 4295 843 4368 curpedine
867 4297 878 4368 ss
896 4303 945 4350 997
964 4297 1090 4368 tristique
1107 4299 1117 4367 11
1137 4301 1187 4350 999

69 4371 176 4430 laborem
189 4379 314 4432 mrfferre.
334 4381 345 4446 ΙΙ
367 4385 428 4431 1991
449 4388 610 4436 eornirrum.
627 4382 638 4450 ΙΙ
660 4385 724 4432 1995
737 4379 849 4434 circum.
869 4381 879 4450 ΙΙ
901 4387 963 4434 1999
976 4397 1074 4450 cogere
1092 4380 1102 4448 11
1124 4385 1189 4431 1919

68 4456 110 4510 ulie
133 4461 144 4528 11
169 4468 232 4515 1011
251 4463 331 4516 sienne
352 4463 363 4530 ΙΙ
387 4473 523 4531 regestas.
543 4466 553 4532 ΙΙ
574 4470 637 4516 1913
658 4462 710 4525 Qui
728 4465 739 4532 11
761 4469 825 4515 1914
844 4481 987 4534 peenerimi
