2946 5188
639 473 654 540 Ι

21 665 35 710 5
59 669 104 710 an
120 648 288 712 tenebras
304 646 385 711 Orci
398 645 487 712 visat
500 653 682 731 vastasque
697 647 849 721 lacunas,

62 783 107 824 an
121 759 281 848 pecudes
296 761 377 826 alias
393 759 550 826 divinitus
564 761 709 826 insinuet
724 783 776 835 ιθ,

60 875 201 940 Ennius
214 883 253 940 ut
267 883 383 940 noster
398 875 534 952 cecinit,
549 876 607 960 qui
621 877 746 961 primus
762 898 901 941 amoeno

63 989 191 1055 detidit
206 1013 250 1054 ex
264 990 426 1055 Helicone
441 991 579 1078 perenni
593 989 715 1055 froude
732 1013 906 1058 coronam.

64 1127 127 1190 per
142 1107 259 1191 gentis
274 1105 376 1170 Italas
390 1104 560 1170 homiuum
576 1125 662 1190 qnae
677 1104 769 1169 clara
785 1107 926 1178 clueret:

17 1237 43 1282 ao
64 1221 127 1284 etsi
142 1229 327 1307 praeterea
340 1228 451 1284 tamen
466 1241 541 1284 esse
556 1220 742 1285 Acherusia
756 1221 881 1306 templa

65 1333 202 1398 Ennius
217 1336 363 1400 aeternis
379 1335 520 1419 exponit
535 1335 688 1398 versibus
704 1334 828 1409 eidem,
868 1344 878 1368 ⁸

67 1470 134 1534 quo
150 1469 267 1534 neque
282 1456 500 1534 permaneant
514 1450 641 1513 animae
655 1470 764 1535 neque
779 1471 925 1536 corpora
940 1455 1071 1520 nostra,

68 1562 128 1626 sed
145 1564 315 1649 quaedam
330 1563 505 1628 simulacra
519 1563 628 1627 modis
642 1564 802 1648 pallentia
816 1563 925 1638 miris;

67 1677 157 1741 unde
174 1679 240 1743 sibi
256 1685 406 1742 exortam
420 1699 552 1765 semper
565 1659 716 1742 florentis
730 1678 868 1742 Homeri

21 1808 48 1851 aa
68 1800 308 1856 commemorat
322 1793 465 1877 speeiem
481 1792 633 1857 lacrimas
649 1791 820 1856 effundere
830 1791 940 1856 'salsas

71 1906 224 1992 coepisse
239 1916 274 1970 et
286 1927 396 1970 rerum
412 1915 564 1972 naturam
580 1905 771 1992 expandere
786 1905 899 1971 dictis.

72 2043 135 2106 qua
150 2029 295 2106 propter
309 2023 395 2086 bene
410 2044 483 2086 cum
499 2022 630 2106 superis
646 2020 689 2084 de
704 2021 805 2085 rebus
820 2020 976 2085 habenda

75 2137 170 2200 uobis
186 2145 241 2200 est
255 2137 341 2201 ratio
351 2185 359 2212 ‚
371 2137 451 2201 solis
466 2136 631 2221 lunaeque
646 2141 774 2199 meatus

74 2269 137 2332 qua
149 2250 235 2314 fiant
249 2251 395 2325 ratione,
410 2260 445 2314 et
460 2271 528 2334 qua
541 2250 575 2314 vi
590 2270 743 2334 quaeque
758 2256 917 2333 gerantur

19 2375 56 2422 1³0
75 2363 105 2426 in
120 2364 236 2439 terris,
248 2373 318 2428 tum
333 2386 407 2428 cum
421 2364 536 2451 primis
550 2363 680 2458 ratione
694 2363 807 2447 sagaci

77 2475 162 2540 uude
176 2479 288 2542 anima
302 2486 403 2564 atque
418 2476 516 2542 animi
531 2452 666 2542 constet
678 2480 799 2542 natura
812 2474 1007 2548 videndum,

77 2597 207 2676 atquae
220 2615 277 2656 res
293 2593 390 2658 nobis
405 2592 618 2678 vigilantibus
633 2591 733 2656 obvia
747 2597 875 2654 mentes

80 2706 232 2771 terrificet
245 2708 364 2772 morbo
379 2705 520 2772 adfectis
536 2727 722 2790 somnoque
737 2705 890 2791 sepultis,

80 2839 209 2886 cernere
224 2822 274 2886 uti
288 2820 460 2886 videamur
476 2843 534 2886 θοι
549 2820 732 2906 audireque
748 2841 873 2894 coram,

27 2943 62 2988 us
79 2943 177 3000 morte
192 2936 286 3001 obite
302 2957 443 3021 quorum
459 2936 556 3002 tellus
572 2935 782 3020 amplectitur
798 2955 890 2998 ossa.

115 3047 185 3116 Nee
199 3073 252 3114 me
268 3051 365 3115 animi
379 3050 465 3116 fallit
480 3051 657 3113 Graiorum
671 3049 816 3112 obscura
829 3056 964 3131 reperta
1044 3128 1045 3131 Ἴ

83 3159 208 3230 difficile
220 3166 401 3230 inlustrare
414 3164 542 3243 Latinis
556 3161 709 3226 versibus
725 3181 814 3236 esse,

84 3277 176 3342 multa
188 3280 286 3345 novis
302 3280 413 3344 verbis
428 3277 624 3365 praesertim
639 3297 713 3340 cum
728 3277 773 3341 sit
787 3274 952 3362 agendum

84 3401 212 3480 propter
228 3401 411 3481 egestatem
426 3394 557 3479 linguans
573 3400 607 3457 et
620 3413 730 3456 rerum
745 3391 942 3455 novitatem:

35 3511 69 3557 nc
86 3503 139 3567 sed
151 3515 208 3572 tus
221 3529 275 3574 me
290 3509 396 3574 virtus
410 3515 522 3572 tamen
537 3514 571 3571 et
585 3513 721 3593 sperata
734 3507 892 3592 voluptas

85 3623 186 3688 suavis
200 3624 363 3688 amicitiae
379 3622 529 3708 quemvis
545 3620 682 3686 sufferre
697 3620 845 3684 laborem

86 3735 196 3801 suadet
209 3745 244 3802 et
257 3738 386 3802 inducit
399 3744 518 3802 noctes
533 3735 670 3820 vigilare
685 3755 838 3808 serenas,

88 3861 289 3928 quaerentem
306 3851 403 3916 dictis
419 3851 540 3937 quibus
556 3859 590 3912 et
605 3871 671 3935 quo
687 3848 832 3914 carmine
847 3845 978 3910 demum

88 3960 166 4030 clara
179 3955 256 4032 tuae
272 3967 398 4052 possim
412 3963 644 4052 praepandere
659 3963 781 4027 lumina
794 3961 910 4031 ment-i,

40 4077 70 4126 na
88 4093 133 4140 res
147 4083 266 4166 quibus
281 4081 430 4145 occultas
444 4079 577 4164 penitus
592 4079 765 4142 convisere
781 4075 905 4162 possis.

122 4191 216 4262 Hunc
230 4196 331 4282 igitur
347 4203 508 4260 terrorem
524 4193 623 4258 animi
636 4193 861 4275 tenebrasque
875 4197 1048 4253 necessest

97 4437 132 4486 1²1
153 4439 243 4496 edens.
264 4442 274 4508 ΙΙ
296 4447 343 4494 1·26
362 4442 503 4512 Coepisset
521 4457 609 4517 rerum
628 4441 638 4506 Η
659 4445 705 4493 130
725 4447 786 4493 tunc
805 4439 815 4506 ΙΙ
838 4444 882 4490 141
904 4437 998 4489 offerre
