2970 5268
627 447 660 515 V

77 627 160 688 impia
174 626 299 690 nativo
318 647 368 688 ae
384 625 516 688 mortali
531 645 674 713 corpore
691 631 862 696 constant.

75 739 151 804 debet
165 740 296 805 eodem
315 739 432 805 omnis
448 737 561 802 mundi
577 748 697 804 natura
710 740 836 826 putari.

42 871 52 913 1
73 855 170 940 quippe
187 857 350 930 etenim,
363 876 506 940 quorum
521 855 627 942 partis
643 862 678 918 et
691 854 840 918 membra
855 853 1006 920 videmus

72 991 190 1054 tmpore
206 971 341 1035 nativo
360 989 400 1033 ac
415 970 609 1034 mortalibus
625 990 699 1034 esse
713 969 843 1054 figuris,

71 1083 131 1148 baec
146 1084 272 1150 eadem
289 1085 407 1148 ferme
422 1085 573 1150 mortalia
588 1085 752 1148 cernimus
769 1105 842 1148 essa

70 1217 90 1260 et
102 1202 210 1264 nativa
227 1199 363 1264 simul.
376 1221 442 1284 qua
456 1208 597 1286 propter
612 1199 753 1264 maxima
768 1197 882 1263 mundi

69 1336 124 1376 rum
137 1313 279 1379 uideam
298 1315 455 1378 membra
470 1335 509 1378 ac
524 1315 630 1401 partis
646 1323 843 1401 consumpta
858 1314 998 1400 regigni‚

38 1441 56 1484 tu
69 1423 134 1490 seire
149 1429 232 1494 licet
249 1431 350 1494 caeli
366 1450 501 1515 quoquc
515 1431 592 1492 item
608 1438 785 1514 terraeque
800 1428 902 1494 fuisse

69 1543 251 1629 principiale
270 1542 422 1630 aliquod
437 1554 568 1630 tempus
584 1544 780 1630 clademque
794 1545 953 1610 futuram.

98 1657 178 1720 lllud
191 1660 232 1724 in
247 1660 313 1724 his
330 1659 431 1723 rebus
445 1680 488 1722 ne
504 1660 705 1745 corripuisse
721 1660 824 1724 rearis

68 1772 215 1849 mmihi,
229 1773 339 1860 quod
355 1781 478 1838 terram
493 1782 593 1859 atque
608 1775 719 1860 ignem
735 1776 887 1840 mortalia
901 1777 1026 1864 sumpsi

72 1905 278 1974 esse‚neque
296 1909 449 1953 umorem
464 1888 613 1954 dubitavi
629 1911 795 1976 aurasque
810 1892 936 1978 perire.

38 2011 56 2054 ῑὶ
70 2010 152 2084 alque
166 2003 300 2068 eadem
317 2003 408 2090 gigni
422 2027 605 2090 rursusque
621 2026 800 2091 augescere
817 2005 899 2079 dixi.
917 2063 920 2071 .

72 2115 220 2204 principio
239 2141 331 2204 pars
346 2120 447 2183 terrai
460 2141 529 2184 non
545 2120 651 2194 nulla,
664 2130 801 2208 perusta

74 2230 183 2296 solibus
200 2233 384 2308 adsiduis,
396 2235 499 2298 multa
514 2236 646 2320 pulsata
660 2234 785 2321 pedum
800 2236 849 2309 vi,

74 2344 205 2425 pulveris
222 2349 370 2414 exhalat
383 2348 535 2414 nebulam
551 2352 724 2435 nubesque
741 2350 902 2422 uolantis,

77 2478 144 2540 quas
159 2463 267 2528 validi
285 2473 362 2529 toto
378 2463 574 2552 dispergunt
588 2471 664 2530 aiire
681 2467 787 2531 venti.

39 2581 60 2624 *4⁵
74 2593 137 2654 pars
151 2579 256 2642 etiam
272 2579 448 2666 glebarum
463 2578 507 2643 ad
523 2567 677 2644 diluviem
692 2591 870 2646 revocatur

78 2686 242 2769 imbribus,
255 2705 295 2759 et
308 2694 398 2780 ripas
413 2692 565 2760 radentia
579 2694 713 2762 flumina
727 2696 867 2762 rodunt.

77 2815 242 2882 praeterea
258 2832 325 2896 pro
342 2818 436 2894 parte
452 2831 528 2885 sua,
539 2809 632 2896 quod
648 2833 788 2896 cumque
803 2811 871 2874 alid
886 2819 999 2898 auget.

79 2917 235 2988 redditur:
250 2931 288 2989 et
303 2925 457 3010 quoniam
474 2924 575 2989 dubio
592 2925 711 3010 procul
726 2945 799 2988 esse
814 2924 947 3021 videtup

82 3038 286 3123 omniparens
302 3038 416 3104 eadem
431 3061 540 3104 rerum
558 3060 732 3103 commune
747 3038 952 3123 sepulcrum,

44 3147 66 3192 ‘'2'‘
80 3165 146 3232 ergo
161 3162 257 3220 terra
274 3156 333 3220 tibi
348 3155 470 3220 libatur
486 3163 520 3218 et
534 3163 632 3218 aucta
647 3153 820 3218 recrescit.

115 3263 212 3344 Quod
227 3291 332 3357 super
348 3279 415 3344 est,
427 3291 542 3334 umore
558 3291 647 3332 novo
663 3289 752 3333 mare
766 3265 900 3331 flumina
914 3265 1025 3332 fontes

83 3395 199 3468 semper
214 3384 390 3450 abundare
405 3393 439 3449 et
453 3386 568 3450 latices
583 3406 717 3450 manare
732 3382 888 3470 perennis

85 3489 120 3553 nil
133 3516 216 3580 opus
233 3509 288 3566 est
301 3499 413 3564 verbis
423 3523 430 3562 :
442 3522 580 3586 magnus
597 3500 759 3566 decursus
775 3519 934 3583 aquarum

85 3607 219 3698 undique
235 3615 401 3679 declarat.
414 3615 475 3679 sed
491 3618 630 3702 primum
646 3613 805 3702 quicquid
821 3616 920 3700 aquai

47 3719 72 3769 ²³⁵
87 3720 217 3807 tollitur,
228 3733 262 3796 in
277 3715 470 3816 summaque
485 3731 523 3795 fit
537 3740 574 3794 ut
588 3731 633 3794 nil
648 3751 743 3794 umor
757 3727 922 3802 abundet,

91 3842 192 3916 partim
209 3845 303 3933 quod
316 3844 418 3912 validi
433 3853 607 3909 verrentes
622 3865 773 3930 aequora
786 3844 879 3908 venti

90 3944 261 4033 diminuunt
274 3960 446 4046 radiisque
461 3968 617 4023 retexens
632 3958 800 4022 aetherius
815 3958 880 4030 sol,

92 4071 195 4144 partim
211 4075 304 4162 quod
319 4082 436 4162 supter
451 4096 512 4161 per
526 4081 635 4138 terras
652 4070 777 4136 diditur
792 4071 914 4136 omnis:
985 4074 988 4080 '

92 4188 268 4259 percolatur
283 4192 369 4256 enim
383 4191 491 4265 virus,
503 4198 663 4274 retroque
678 4195 828 4252 remanat

32 4415 33 4422 ’
71 4422 75 4432 “
99 4425 138 4476 lta
156 4434 240 4490 eadem
259 4438 269 4506 ll
289 4446 335 4492 241
357 4439 473 4494 nativum
494 4441 504 4508 ll
523 4447 571 4494 245
591 4439 660 4493 idern
680 4439 689 4508 ll
709 4445 755 4491 251
777 4437 829 4490 ulla
848 4438 858 4507 ΙΙ
876 4444 924 4490 264
944 4435 1070 4506 quidquid

28 4530 30 4564 1
