2946 5188
633 475 663 542 ll

76 667 222 732 corpore
237 646 406 710 seiunctus
422 599 519 709 dolor
534 645 640 722 absit,
652 648 762 712 menti’
776 647 907 713 fruatur

76 759 222 824 iucundo
239 781 338 825 sensu
348 808 356 835 ‚
368 781 449 824 cura
463 763 600 825 semotu'
615 761 793 846 metuque?

23 893 49 937 20
77 894 153 960 ergo
170 895 370 958 corpoream
385 873 718 963 admaturampauca
731 875 881 942 videmus

77 1009 148 1052 esse
163 1010 254 1075 opus
269 987 403 1084 omnino
413 1037 421 1064 ‚
433 1010 519 1074 quae
535 989 673 1054 demant
687 1011 827 1076 cumque
843 990 1009 1068 dolorem,

78 1101 211 1166 delicias
227 1095 363 1187 quo'que
378 1104 426 1166 uti
440 1104 561 1168 multas
576 1105 790 1170 substernere
803 1107 949 1190 possint.

75 1217 200 1301 gratius
215 1217 304 1281 inter
319 1217 398 1282 dum
411 1239 521 1302 neque
535 1226 656 1282 natura
667 1219 743 1304 ipsa
755 1221 911 1304 requirit,

76 1331 102 1392 si
114 1351 182 1394 non
198 1351 303 1395 aurea
317 1339 397 1396 sunt
409 1331 565 1396 iuvenum
581 1332 756 1396 simulacra
769 1355 831 1419 per
845 1309 947 1400 aedes

26 1459 51 1504 rs
76 1443 249 1529 lampadas
264 1443 421 1530 igniferas
435 1447 587 1510 manibus
601 1447 778 1512 retinentia
792 1446 934 1526 dextris,

76 1559 196 1622 lumina
208 1559 385 1624 nocturnis
400 1560 504 1646 epulis
518 1569 557 1624 ut
571 1560 844 1647 suppeditentur,

78 1693 136 1736 nec
150 1671 273 1737 domus
288 1681 427 1760 argento
441 1674 580 1760 fulgenti
595 1697 744 1761 auroque
758 1673 905 1754 renidet,

78 1808 135 1849 nec
150 1788 300 1852 citharae
314 1790 456 1854 reboant
469 1787 626 1874 laqueata
639 1795 822 1875 aurataque
838 1797 942 1866 tecta,

81 1923 147 1964 cum
162 1911 275 1966 tamen
287 1903 375 1966 inter
391 1923 426 1967 se
441 1904 604 1990 prostrati
618 1904 653 1968 in
665 1903 811 1988 gramine
826 1906 915 1971 molli

32 2028 56 2072 u
81 2025 214 2102 propter
229 2036 339 2102 aquae
353 2017 459 2080 rivum
475 2019 537 2082 sub
552 2017 653 2082 ramis
668 2018 798 2104 arboris
813 2019 900 2084 altae

82 2149 143 2192 non
156 2131 286 2216 magnis
302 2130 422 2216 opibus
436 2128 579 2194 iucunde
597 2152 741 2219 corpora
756 2143 890 2208 curant,

82 2244 271 2326 praesertim
286 2263 361 2326 oum
374 2251 557 2330 tempestas
572 2244 707 2309 adridet
721 2253 756 2310 et
771 2248 847 2310 anni

83 2365 227 2441 tempora
242 2365 470 2444 conspergunt
484 2357 658 2422 viridantis
671 2358 810 2423 floribus
824 2359 960 2426 herbas.

83 2491 137 2535 neo
151 2471 280 2536 calidae
295 2472 391 2536 citius
406 2470 575 2536 decedunt
589 2493 732 2558 corpore
745 2471 874 2550 febres,

36 2595 59 2640 ³5
83 2587 245 2650 textilibus
260 2587 289 2650 si
303 2587 338 2649 in
351 2587 490 2672 picturis
505 2597 667 2673 ostroque
681 2588 814 2652 rubenti

84 2697 225 2774 laeteris,
238 2720 337 2785 quam
352 2700 380 2764 si
393 2700 428 2763 in
441 2700 573 2785 plebeia
587 2709 681 2766 veste
696 2701 884 2768 cubandum
900 2713 966 2770 est.

85 2832 143 2894 qua
156 2822 298 2900 propter
313 2814 469 2898 quoniam
482 2815 529 2880 nil
542 2823 660 2880 nostro
674 2815 708 2878 in
723 2837 867 2901 corpore
880 2840 982 2905 gazae

85 2927 251 3010 proficiunt
265 2948 375 3012 neque
389 2929 545 2993 nobilitas
559 2949 622 2992 nee
636 2930 743 3014 gloria
757 2932 864 3015 regni,

87 3039 169 3122 quod
182 3063 286 3127 super
301 3049 369 3118 est,
381 3042 489 3106 animo
506 3063 641 3128 quoque
655 3043 702 3105 nil
716 3042 879 3127 prodesse
894 3045 1095 3132 putandun13
1201 3025 1205 3034 ι

42 3165 64 3208 u
87 3152 184 3218 sinon
199 3156 289 3221 forte
305 3163 381 3221 tuas
394 3155 545 3240 legiones
559 3177 621 3242 per
634 3157 710 3220 loca
724 3157 831 3241 campi

86 3265 203 3362 fervere
219 3291 294 3334 eum
308 3268 441 3345 videas,
453 3269 531 3335 belli
546 3270 721 3336 simulacra
734 3269 865 3346 cientis,

87 3381 233 3448 subsidiis
247 3383 442 3470 magnisque
459 3385 644 3472 elephantis
660 3384 903 3464 constabilitas,

44 3505 65 3550 4³
88 3505 213 3562 ornatas
227 3497 344 3573 armis,
355 3497 501 3574 validas,
512 3499 706 3585 pariterque
720 3499 895 3576 animatas,

87 3605 203 3676 fervere
219 3634 293 3677 cum
307 3611 424 3676 videas
439 3612 579 3678 classem
591 3613 727 3698 lateque
740 3615 869 3700 vagari,

46 3733 66 3777 tt
89 3719 132 3786 his
145 3726 203 3790 tibi
217 3735 288 3791 tum
302 3727 403 3790 rebus
417 3726 605 3792 timefactae
618 3728 798 3812 religiones

89 3835 235 3924 effugiunt
248 3841 357 3904 animo
372 3839 493 3927 pavide
502 3889 510 3916 ,
520 3842 704 3927 mortisque
719 3843 856 3906 timores

89 3958 148 4014 tum
160 3975 300 4018 vacuum
313 3961 433 4038 pectus
447 3955 575 4020 lineum
590 3955 736 4041 curaque
751 3956 910 4020 solutum.

90 4065 211 4146 quodsi
225 4067 367 4133 ridicula
380 4069 465 4134 haec
478 4069 688 4154 ludibriaque
705 4091 779 4134 esse
793 4068 961 4144 videmus,

93 4245 280 4261 Ἣ--ᾲ

96 4343 119 4390 18
135 4355 217 4400 mente
241 4346 252 4414 ΙΙ
280 4353 311 4399 19
329 4353 432 4400 seinata
455 4347 465 4416 ll
490 4353 521 4400 27
540 4347 625 4418 fulget
647 4347 658 4416 Η
682 4354 715 4401 28
734 4349 852 4418 laqueata
878 4349 887 4416 1¹
910 4349 1019 4422 templa.
1044 4351 1054 4420 ll
1077 4357 1109 4400 39
1127 4365 1207 4416 supet·

93 4437 116 4474 ts
132 4430 140 4490 ll
158 4435 186 4482 tl
206 4429 308 4484 Fruere
325 4431 336 4499 ll
361 4437 392 4483 42
412 4431 514 4500 magnis
533 4431 632 4502 epicuri
651 4430 662 4501 11
681 4437 712 4485 43
732 4433 842 4486 itastuas
861 4435 1005 4504 tariterque
1023 4434 1033 4500 ll
1052 4439 1084 4484 ts
1102 4439 1206 4523 tempus
