3034 5204
227 469 275 538 28
772 469 788 538 I

224 644 322 708 Wum
330 691 339 723 ,
358 645 422 706 titas
437 654 554 723 amaret,
567 650 601 708 et
614 643 649 708 in
664 642 821 708 Rudente
835 666 880 720 iv,
889 644 952 720 4,9
966 639 1054 710 Hera
1060 645 1173 730 pudet.
1185 645 1265 710 sitit
1276 669 1342 731 apo

223 750 320 806 boum
329 790 336 804 .
346 743 415 827 erpo
430 742 479 806 ati
493 741 564 806 binc
576 743 617 805 sis
626 791 633 805 .
643 747 772 828 pendero,
782 743 929 828 respondit
940 765 1045 806 sowa.
1058 741 1201 808 Ovidius
1210 743 1245 808 in
1257 743 1335 810 tris-

224 840 305 903 tium
321 861 356 914 v,
370 838 466 914 14,41
485 847 520 903 et
534 861 577 904 ex
586 840 698 904 Ponto
712 839 798 904 libro
814 863 869 915 ιιι,
881 842 912 915 l,
925 841 983 904 113
994 841 1095 906 Morte
1104 842 1183 906 rutil
1192 863 1267 928 opus
1278 855 1334 917 est»,

222 935 595 1023 iu'metamorphoseon
610 938 749 1014 vinela
766 938 804 1002 In
823 940 941 1024 asperis
961 940 1027 1024 opis
1046 961 1109 1004 esse
1130 939 1228 1004 atil.
1249 951 1281 1004 nt
1302 941 1335 1003 in

223 1035 347 1099 aedibus
367 1038 495 1120 lapan.
517 1035 657 1101 eundem
678 1037 712 1100 iu
733 1059 772 1111 x,
783 1035 844 1100 520
859 1037 1035 1121 scripsisse
1050 1037 1204 1121 suspicor
1219 1037 1336 1123 Estque

132 1187 139 1204 .
221 1133 301 1198 vane
319 1136 407 1198 annis
425 1136 554 1200 seboim
570 1161 581 1198 :
600 1156 620 1198 a
640 1134 891 1198 correctoribus
905 1135 998 1198 venit
1016 1133 1101 1198 illud
1117 1134 1161 1198 Ει
1176 1134 1256 1198 nilul
1274 1146 1333 1212 cst,

222 1230 317 1317 quod
332 1230 444 1296 Ovidii
461 1253 555 1297 more
575 1232 829 1318 pronuntiatum
850 1232 946 1298 nimis
970 1231 1088 1298 tardos
1103 1231 1206 1297 efficit
1219 1253 1333 1296 nume·

222 1351 280 1394 ros
297 1379 305 1405 ,
325 1329 370 1395 Et
387 1331 434 1394 nil
451 1342 495 1395 est
511 1333 602 1395 avane
620 1331 751 1396 velocitas
770 1379 777 1394 .
804 1329 944 1396 eandem
966 1331 1130 1418 syllabam
1153 1328 1333 1395 manifesto

221 1429 408 1512 corripiunt
423 1428 597 1503 Catullus,
616 1427 797 1504 Horatius,
808 1426 979 1504 Tibullus,
990 1427 1191 1514 Propertius
1205 1473 1213 1502 ,
1229 1428 1259 1492 is
1275 1429 1333 1512 qui

221 1526 357 1610 scripsit
371 1526 548 1610 epistulam
558 1525 671 1590 Herus
684 1525 801 1610 (170),
814 1526 963 1601 Seneca,
974 1525 1154 1601 Martialis,
1166 1525 1266 1592 Silius
1280 1546 1333 1590 se·

220 1624 333 1687 melin
347 1647 434 1699 xvn,
449 1623 623 1688 188.idem
638 1623 739 1688 Silius
755 1622 919 1710 disyllabo
935 1625 1038 1689 semel
1052 1631 1128 1690 ante
1144 1645 1331 1690 consonan-

221 1730 289 1788 tem
304 1745 385 1788 usus
401 1731 477 1798 est,
495 1723 590 1788 Bella
603 1723 682 1788 nili!
692 1723 793 1803 citae,
810 1722 959 1798 xv,465,
975 1723 1077 1788 ceteri
1092 1743 1178 1808 quos
1194 1721 1332 1808 disylla-

220 1821 296 1886 bon'
310 1821 437 1886 habere
464 1809 535 1884 dixi
555 1820 713 1905 (Manilio
736 1821 901 1906 excepto)
923 1820 978 1886 vel
999 1823 1157 1906 saepius:
1179 1820 1276 1885 multi
1295 1821 1330 1885 in

220 1918 387 2007 disyllabo
408 1919 498 1984 hanc
518 1919 704 2005 ambiguam
723 1920 887 1983 rationem
909 1921 1017 1984 secuti
1031 1927 1111 1984 sunt
1124 1918 1248 1992 solam,
1263 1915 1330 1984 Te·
1471 1973 1473 1976 .

156 2093 160 2102 ¹
219 2019 349 2083 rentius
364 2016 1329 2108 comicus,Varroinversibus,Vergilius,isqucbistan·

219 2123 288 2182 tum
311 2115 433 2200 (scl2,
444 2115 464 2180 6
474 2115 605 2190 Aenu,
615 2115 714 2201 287),
728 2115 924 2192 Phaedrus,
937 2117 1111 2189 Lucanus,
1128 2114 1329 2200 Calpurnius

217 2215 337 2290 semel,
348 2213 505 2279 Valerius
516 2213 657 2279 Flaccus
671 2214 724 2279 bis
739 2215 794 2299 (vi
803 2261 812 2289 ,
821 2214 882 2279 488
893 2213 1062 2299 νιι,388),
1075 2214 1221 2290 Statius,
1232 2213 1328 2278 luva·

217 2313 320 2378 nelis.
337 2312 432 2378 nitito
444 2312 553 2377 tribus
564 2311 703 2399 syllabis
715 2312 880 2376 Catullum
892 2312 967 2396 (28,
979 2313 1016 2376 12
1027 2311 1077 2388 61,
1089 2312 1159 2397 197)
1168 2311 1328 2376 extulisse

217 2418 369 2476 constat:
381 2409 573 2496 disyllabon
582 2408 663 2474 fecit
671 2409 761 2474 idem
774 2409 925 2474 Catullus
937 2411 1005 2494 (97,
1016 2411 1055 2496 3)
1067 2431 1141 2474 cum
1152 2409 1327 2502 Lucretio,

214 2508 360 2572 Horatio
376 2508 541 2592 ‚Priapeo
564 2508 709 2572 carmine
731 2507 794 2570 53:
817 2505 860 2570 de
883 2509 1004 2572 ceteris
1024 2553 1032 2582 ,
1055 2514 1216 2593 quantum
1238 2508 1326 2584 scio,

215 2611 358 2690 propter
371 2613 553 2669 metrorum
567 2605 817 2690 ambiguitatem
831 2605 914 2670 nihil
928 2604 1096 2670 adfirmari
1109 2611 1244 2690 potest.
1258 2604 1325 2670 Lu·

216 2702 321 2768 cretio
343 2709 478 2777 tamen,
500 2703 578 2786 quia
598 2702 677 2766 ante
697 2701 921 2788 disyllabum,
940 2709 979 2766 ut
1000 2702 1093 2779 dixi,
1114 2723 1183 2768 non
1203 2702 1325 2780 habet,

214 2802 311 2866 sulam
326 2801 436 2865 etoile
451 2798 525 2864 sole
537 2801 683 2886 probata
697 2799 803 2866 tuisse
819 2801 989 2866 existimo.

300 2897 367 2963 168.
383 2919 638 2963 consisrnas
659 2921 820 2963 nuans.
842 2898 899 2963 Sic
914 2898 1198 2986 oblonguszidem
1215 2921 1322 2965 acor·

214 3007 347 3064 rectore
362 3019 507 3062 oraru.
520 2997 705 3082 quadratus
720 3008 811 3062 torta.

299 3096 367 3163 176.
382 3119 454 3161 suo
471 3118 539 3173 Qui
553 3118 762 3161 runcone,
780 3095 856 3160 Itali
871 3119 985 3172 Quin.

299 3195 366 3260 177.
382 3215 483 3270 ouon
507 3216 667 3270 cuneus
690 3216 871 3260 oscaru.
894 3193 1090 3275 Quadratus
1119 3203 1154 3260 et
1174 3195 1323 3261 schedae

212 3319 267 3360 oro
284 3303 389 3370 endu,
405 3299 579 3356 corrector
594 3291 733 3376 oblongi
747 3313 953 3356 onuarua.

296 3388 365 3454 186.
379 3410 696 3453 nx1aranr1nus
711 3410 879 3454 annuis.
901 3388 964 3453 His
985 3391 1191 3475 grammatici
1206 3413 1321 3456 omnes

210 3511 273 3577 pro
289 3485 441 3570 exemplo
453 3491 610 3560 utuntur,
621 3484 789 3550 Maximus
800 3486 996 3551 Victorinus
1007 3510 1039 3573 p.
1054 3488 1150 3564 1963,
1161 3488 1320 3554 Claudius
1382 3567 1388 3578 .

210 3584 379 3652 Sacerdos
393 3605 426 3668 p.
436 3580 496 3657 26,
511 3581 691 3646 Diomedes
707 3584 805 3668 (post
819 3584 1039 3650 Sacerdotem
1057 3635 1065 3661 ,
1090 3589 1184 3653 cuius
1197 3609 1320 3653 nomen

106 3751 110 3758 ,
208 3687 243 3751 in
266 3681 418 3768 exemplo
439 3679 537 3765 ponit
557 3679 682 3766 paca)
703 3703 736 3765 p.
747 3680 808 3745 424
829 3682 981 3748 tribuens
1002 3685 1144 3749 Lucillio
1159 3734 1167 3760 ,
1185 3685 1318 3750 Probus

207 3807 240 3870 p.
256 3782 352 3855 1438,
362 3779 542 3864 Pompeius
557 3777 632 3864 (qui
647 3800 684 3844 se
698 3779 853 3844 Maurum
868 3779 950 3846 dicit
964 3805 995 3868 p.
1007 3783 1088 3867 246)
1099 3806 1131 3868 p.
1140 3784 1197 3847 30.
1209 3782 1271 3848 sed
1281 3783 1317 3847 hi

208 3903 324 3948 omnes
344 3901 412 3944 uno
428 3901 487 3944 ore
501 3885 671 3944 testantur
684 3885 817 3964 poetam
832 3903 847 3944 a
861 3879 1008 3946 litteram
1022 3881 1219 3965 scripsisse:
1235 3881 1316 3944 scri·
1384 3881 1393 3887 “

208 3981 258 4046 bit
272 3978 423 4065 infantiles
436 3977 570 4042 Probus
587 4001 594 4040 :
614 3979 658 4041 sic
677 3977 783 4059 enim,
805 3979 940 4065 inquit,
958 4003 1060 4044 vernn
1078 3979 1187 4042 scandi
1200 3988 1318 4063 potest,·

208 4099 307 4164 quem
322 4074 502 4140 admodum
517 4075 634 4141 Cicero
651 4076 685 4139 in
701 4083 838 4142 oratore
855 4076 911 4140 161
927 4079 972 4142 ita
985 4078 1066 4141 adm
1085 4076 1196 4163 inquit
1215 4077 1317 4163 loque·

206 4179 316 4242 bamur
331 4223 340 4254 ‚
361 4174 415 4260 qui
430 4184 474 4238 est
486 4175 607 4238 omrribn
614 4177 760 4260 princeps
776 4221 784 4254 ‚
805 4197 866 4239 non
881 4176 1017 4239 omnibns
1024 4177 1172 4261 princeps
1188 4224 1197 4255 ,
1216 4185 1245 4239 et
1256 4177 1318 4238 uita

205 4275 261 4340 iun
282 4272 375 4358 diqnu
396 4272 520 4356 dicoque
534 4319 542 4351 ,
557 4293 618 4335 aon
639 4273 770 4357 dipsas
794 4272 829 4335 iu
849 4271 997 4337 Lucretii
1019 4273 1220 4338 carminibus
1241 4274 1317 4338 bre·

183 4373 299 4438 ‘viere
314 4369 483 4454 scriptura
495 4389 593 4433 nemo
609 4390 689 4434 usus
705 4375 757 4432 cst
777 4377 856 4432 ante
869 4370 1068 4437 Lambinum
1084 4417 1093 4446 ,
1111 4392 1222 4456 neque
1244 4391 1316 4436 eam

204 4479 321 4536 vetera
335 4463 536 4550 exemplaria
550 4466 683 4552 saepius
699 4487 799 4562 quam
807 4467 860 4532 bis
871 4477 1117 4535 conservarunt
1133 4477 1168 4534 et
1182 4468 1317 4554 quidem
