3034 5204
289 449 360 519 208
827 447 877 516 VI
959 452 964 461 '

287 625 456 710 suscipere
470 623 556 688 haee
570 622 668 686 animi
683 621 862 706 tranquilla
877 643 958 708 paee
974 622 1113 689 valebis,

285 739 364 804 inde
379 737 493 804 videre
509 738 586 802 lieet
601 737 708 823 qualis
722 737 786 802 iam
800 737 870 800 vita
884 745 1058 822 sequatur.

226 873 258 918 80
289 876 388 940 quam
403 853 537 939 quidem
551 861 590 916 ut
604 873 624 916 a
638 853 736 917 nobis
750 851 836 916 ratio
851 852 1023 916 verissima
1037 853 1135 938 longe

286 970 418 1044 reiciat,
430 988 630 1053 quamquam
644 975 724 1032 sunt
738 987 758 1030 a
772 987 824 1028 me
839 967 943 1031 multa
956 967 1124 1052 profecta,

286 1084 390 1148 multa
404 1090 515 1147 tamen
528 1088 660 1147 restant
675 1088 708 1145 et
722 1089 801 1145 sunt
816 1080 967 1146 ornanda
980 1080 1093 1166 politis

287 1199 456 1263 versibus:
468 1205 520 1261 est
533 1197 618 1261 ratio
632 1195 781 1281 fulgendi
795 1192 913 1281 visque
928 1196 1082 1273 tonandi‚

288 1322 368 1379 sunt
381 1319 598 1397 tempestates
615 1317 649 1375 et
662 1309 798 1374 fulmina
813 1311 903 1375 clara
919 1310 1085 1386 canenda,

226 1446 258 1492 sa
289 1415 391 1514 [quid
405 1427 530 1491 faciant
544 1433 578 1490 et
593 1446 659 1511 qua
674 1425 716 1489 de
732 1447 834 1490 eausa
849 1447 990 1511 cumque
1004 1426 1169 1505 ferantur3

287 1565 330 1608 ne
344 1541 491 1628 trepides
507 1541 588 1605 caeli
603 1538 717 1604 divisis
733 1542 884 1627 partibus
898 1562 1029 1616 amens,

287 1656 378 1722 unda
391 1658 510 1722 volans
525 1656 609 1741 ignis
623 1656 816 1740 pervenerit
830 1656 936 1720 autin
950 1664 1059 1720 utram
1077 1678 1113 1720 se

288 1772 428 1837 verterit
441 1770 519 1835 hine
535 1770 670 1856 partim,
682 1791 749 1855 quo
765 1777 866 1856 paeto
881 1792 942 1858 per
957 1771 1032 1836 loca
1046 1779 1143 1856 septa

287 1887 479 1962 insinuarit,
493 1892 528 1950 et
541 1884 618 1948 hine
634 1884 823 1950 dominatus
838 1894 877 1949 ut
892 1886 1047 1950 extulerit
1062 1907 1098 1950 se
1107 1887 1134 1970 .]

227 2019 259 2066 so
290 2023 432 2088 quorum
447 2021 585 2086 operum
601 2021 719 2087 causas
734 2000 825 2065 nulla
837 2002 968 2065 ratione
982 2001 1099 2066 videre

288 2124 432 2204 possunt
446 2138 485 2180 ae
499 2115 570 2180 fieri
585 2113 698 2180 divino
713 2115 845 2179 numine
859 2123 989 2182 rentur.

286 2240 325 2297 tu
339 2231 607 2316 mihisupremae
622 2230 829 2318 praescribta
843 2231 887 2295 ad
903 2229 1048 2296 eandida
1063 2231 1161 2296 calcis

289 2347 436 2412 currenti
450 2347 592 2432 spatium
608 2355 856 2432 praemonstra,
868 2347 988 2412 callida
1001 2368 1095 2411 musa

289 2461 452 2546 Calliope,
466 2461 600 2546 requies
614 2461 784 2526 hominum
799 2461 978 2547 divomque
992 2463 1164 2550 voluptas

225 2593 257 2638 95
287 2585 322 2640 te
338 2575 422 2639 duce
437 2583 473 2639 ut
487 2575 606 2660 insigni
621 2575 749 2660 capiam
764 2597 838 2640 cum
852 2576 952 2640 laude
968 2599 1141 2642 eoronam.

328 2689 497 2776 Principio
513 2689 641 2753 tonitru
655 2691 850 2774 quatiuntur
865 2691 998 2755 caerula
1013 2691 1095 2756 caeli

287 2813 468 2892 propterea
482 2804 560 2889 quia
575 2812 778 2869 concurrunt
792 2805 930 2870 sublime
944 2806 1099 2870 volantes

288 2919 455 2985 aetheriae
469 2919 576 2983 nubes
592 2926 709 2983 eontra
722 2921 938 3006 pugnantibu’
953 2922 1076 2985 ventis.

286 3057 350 3099 nee
364 3034 402 3099 fit
417 3035 501 3099 enim
516 3029 645 3100 sonitus
661 3035 742 3100 caeli
757 3036 799 3100 de
815 3047 911 3122 parte
925 3057 1058 3112 serena,

219 3169 264 3214 100
286 3171 402 3216 verum
417 3151 473 3214 ubi
489 3172 629 3237 eumque
643 3152 748 3237 magis
763 3151 868 3216 denso
885 3160 963 3216 sunt
977 3153 1106 3236 agmine
1120 3154 1240 3225 nubes,

282 3249 354 3331 tam
369 3266 472 3349 magis
487 3265 565 3329 hinc
579 3288 699 3351 magno
714 3267 864 3330 fremitus
879 3267 917 3330 fit
930 3289 1096 3332 murmure
1111 3289 1226 3354 saepe.

286 3388 462 3464 praeterea
476 3401 585 3466 neque
601 3389 668 3444 tam
684 3379 856 3445 condenso
873 3403 1014 3468 corpore
1029 3383 1134 3447 nubes

272 3515 360 3558 ‚esse
376 3503 503 3580 queunt
518 3515 616 3579 quam
631 3493 853 3578 suntlapides
868 3517 907 3558 ae
923 3497 1032 3581 tigna,
1046 3519 1154 3582 neque
1168 3506 1279 3564 autern

286 3617 354 3675 tam
369 3617 486 3673 tenues
502 3629 601 3693 quam
616 3616 696 3672 sunt
708 3609 850 3672 nebulae
864 3609 1011 3696 fumique
1026 3613 1193 3677 volantes:

217 3741 262 3788 105
283 3745 360 3788 nam
375 3722 496 3788 eadere
511 3725 553 3789 ab
568 3724 668 3788 bruto
685 3722 848 3789 deberent
861 3725 1012 3812 pondere
1027 3749 1165 3812 pressae

285 3847 323 3903 nt
337 3838 465 3923 lapides
476 3889 483 3916 ‚
495 3847 553 3903 aut
566 3847 604 3903 ut
617 3838 727 3904 fumus
742 3849 898 3935 constare
912 3843 1089 3927 nequirent

285 3974 348 4018 nee
364 3953 520 4019 cohibere
535 3955 628 4022 nives
643 3955 772 4042 gelidas
788 3967 821 4020 et
834 3956 1007 4042 grandinis
1021 3959 1151 4022 imbris.
1215 3967 1218 3974 '

287 4275 318 4322 113
338 4277 364 4322 et
380 4270 449 4322 ratio
468 4269 743 4340 caelisqueteuenda.
772 4273 781 4341 ΗΗ
806 4279 838 4324 81
857 4273 965 4326 ssunrina
983 4274 993 4340 ΗΗ
1012 4278 1044 4324 86
1063 4273 1182 4344 trepidas
1201 4277 1211 4344 ΗΗ
1231 4280 1263 4326 st
1282 4291 1415 4344 pervene-

286 4363 327 4407 ret
354 4353 364 4420 ΗΗ
391 4359 421 4404 91
441 4353 488 4405 fier
516 4355 525 4421 Η
553 4359 584 4404 92
603 4355 761 4423 prescribita
779 4374 808 4408 nc
827 4357 837 4426 ΗΗ
855 4355 941 4410 celiis.
970 4357 980 4424 Η
1007 4361 1038 4408 95
1058 4355 1128 4410 laudi
1155 4358 1165 4425 ΗΗ
1196 4363 1243 4410 102
1263 4358 1376 4412 l'rrtere
1406 4361 1416 4426 ΗΗ

286 4453 364 4489 nure.
384 4436 394 4505 Η
416 4443 461 4491 103
479 4437 591 4508 pepides
609 4455 639 4490 ac
658 4439 729 4508 iigna
747 4439 757 4506 ΗΗ
779 4445 825 4491 105
845 4440 886 4491 uvi
