3034 5204
228 471 271 538 12
673 491 880 538 susuoarro

223 641 396 716 Schulzio,
407 642 479 704 viro
490 639 612 705 illustri
622 639 808 706 litterarum
820 641 1038 706 colendarum
1049 643 1331 710 adiuvandarum·

223 763 289 828 que
310 738 576 814 studiosissimo,
596 738 843 803 commodatum
864 739 944 804 mihi
965 742 1106 806 maxime
1129 742 1259 828 profuit
1287 741 1332 807 ad

221 836 415 904 reddendas
425 835 569 901 Marullo
584 835 703 901 laudes
718 857 814 912 suas,
830 859 915 922 quas
930 837 1099 924 plerique,
1115 841 1173 924 qui
1189 862 1263 904 eum
1279 861 1331 904 se-

220 937 290 1001 cuti
304 943 400 1010 sunt,
414 934 469 998 vel
483 933 617 998 silentio
632 941 830 1020 presserunt
843 934 899 998 vel
909 936 1070 1002 conviciis
1082 937 1330 1002 contaminave-

219 1043 316 1099 runt.
336 1033 457 1098 horum
476 1032 609 1118 primus
623 1029 690 1095 fuit
704 1031 931 1119 Hieronymus
945 1035 1093 1098 Acontius
1106 1033 1329 1110 Veronensis,

219 1133 276 1219 qui
297 1153 372 1196 cum
392 1153 428 1196 se
448 1130 517 1196 hoo
537 1137 658 1216 poema
678 1152 740 1195 suo
759 1131 894 1216 ingenio
917 1139 952 1196 et
971 1131 1088 1198 labore
1101 1132 1173 1196 sine
1188 1133 1327 1218 antiquo
1407 1213 1409 1216 Ι
1482 1203 1489 1212 ,

219 1230 400 1316 exemplari
411 1229 608 1297 emendasse
619 1229 754 1304 scribit,
765 1228 893 1294 furtum
903 1231 1033 1320 insigne
1044 1230 1246 1304 dissimulat,
1259 1251 1327 1315 quo

218 1351 292 1395 eum
312 1329 475 1415 pleraque
489 1327 626 1392 Marulli
640 1328 779 1391 inventa
793 1329 939 1414 turpiter
954 1329 1157 1416 corripuisse
1172 1328 1326 1392 demons-

217 1430 316 1493 trabo
337 1427 383 1492 ad
402 1426 523 1492 librum
543 1427 668 1503 111‚98.
688 1426 745 1492 hic
764 1436 877 1492 tamen
891 1428 1073 1502 Aventius,
1094 1427 1188 1492 cuius
1208 1426 1328 1491 editio·

216 1547 293 1592 nem
308 1525 461 1590 Venetiis
482 1525 653 1610 impressit
667 1523 775 1590 Aldus
796 1547 884 1590 anno
902 1527 1001 1600 1500,
1019 1525 1126 1590 habet
1145 1523 1329 1590 laudabilia

217 1625 301 1692 satis
321 1624 425 1691 multa
443 1643 514 1687 non
533 1642 554 1686 a
573 1623 718 1686 Marullo
741 1624 866 1708 petita,
890 1622 1056 1708 quaedam
1077 1624 1175 1688 etiam
1197 1645 1215 1688 e
1233 1623 1328 1688 libris

217 1723 386 1810 quadrato
397 1729 516 1786 nostro
528 1719 704 1796 similibus3
716 1721 839 1805 quibus
850 1721 995 1806 improbi
1005 1721 1090 1786 furis
1101 1725 1238 1797 nom‘en,
1249 1722 1329 1807 qnia

216 1845 284 1887 non
306 1822 402 1908 potui
420 1818 532 1895 aliud,
553 1819 697 1906 apposui
716 1819 860 1882 invitus.
875 1818 976 1884 huius
990 1820 1232 1905 ineptissimam
1246 1820 1326 1886 seri-

215 1920 318 1988 bendi
329 1919 493 1984 rationem
501 1916 721 1982 Eiehstadius
732 1916 885 1982 studiose
894 1917 1045 1982 imitatus
1057 1926 1126 1984 est.
1137 1918 1326 1990 Avantium,

216 2023 310 2086 cuius
329 2028 441 2082 tamen
461 2015 585 2080 nullam
604 2015 806 2092 mentionem
823 2015 922 2093 lecit,
937 2016 971 2080 in
986 2017 1157 2101 plerisque
1172 2009 1326 2082 omnibus

216 2119 368 2206 sequitur
387 2115 557 2180 lohannes
576 2111 733 2198 Baptista
747 2113 825 2178 Pius
837 2112 1079 2187 Bononiensis,
1101 2113 1156 2198 qui
1178 2114 1214 2176 in
1235 2133 1324 2178 com·

214 2217 379 2284 mentatio
393 2203 568 2278 Bononiae
590 2231 677 2274 anno
695 2211 772 2275 1511
790 2210 882 2275 edito
903 2233 973 2275 non
992 2209 1084 2275 nulla
1102 2212 1235 2298 egregie
1251 2233 1325 2276 cor·

214 2318 322 2392 rexit,
343 2311 649 2398 antiquissimorum
671 2309 909 2394 exemplarium
930 2309 997 2374 fide
1017 2308 1202 2374 identidem
1221 2310 1324 2375 inter-

213 2418 342 2503 posita,
354 2416 550 2477 cumtamen
562 2429 637 2472 eum
648 2407 748 2472 nullis
759 2408 823 2472 nisi
833 2408 1071 2473 recentissimis
1082 2418 1154 2474 arte
1162 2407 1324 2472 Italorum

215 2511 371 2598 expolitis
391 2529 488 2572 usum
508 2528 582 2572 esse
604 2513 639 2570 et
660 2526 714 2570 res
734 2506 810 2592 ipsa
830 2505 991 2571 ostendat
1012 2514 1175 2570 eteorum
1189 2508 1324 2571 nomina

213 2629 357 2698 quorum
377 2605 551 2670 codicibus
573 2625 654 2668 usus
677 2610 749 2667 est.
771 2603 855 2668 dicit
877 2603 1021 2668 enimse
1044 2605 1141 2689 quasi
1160 2603 1282 2671 Zeusin
1304 2628 1323 2671 6

212 2719 353 2798 quoducr
364 2704 564 2790 corporibus
574 2724 675 2769 unam
682 2701 841 2766 Lucretio
853 2702 995 2767 sormam
1005 2704 1230 2788 praestitisse,
1242 2725 1322 2770 enu-

211 2812 320 2872 merat
333 2810 444 2872 autem
460 2800 679 2886 exemplaria,
701 2801 824 2885 quibus
839 2822 920 2866 usus
935 2802 997 2878 sit,
1017 2801 1082 2866 nisi
1096 2800 1211 2877 fallor,
1233 2806 1320 2890 qain-

210 2929 269 2993 que
283 2903 414 2988 (itaque
426 2899 469 2965 de
478 2897 628 2966 Zeuxide
637 2898 756 2964 Cicero
769 2907 803 2963 et
811 2899 974 2985 Plinius),
990 2900 1142 2964 codicem
1151 2901 1321 2966 Hermolai

211 3012 246 3069 et
259 3000 436 3087 Pomponii
451 2999 489 3084 (a
503 3020 571 3084 quo
587 2997 721 3063 differre
736 2998 890 3064 existimo
904 2998 1130 3064 Basileeusem
1145 2999 1320 3087 al’ompo·

209 3104 267 3168 nio
287 3102 322 3166 in
345 3119 482 3164 carcere
505 3097 666 3182 scriptum
687 3117 775 3161 anno
796 3097 892 3174 1468,
912 3099 947 3162 in
969 3118 1036 3183 quc
1055 3096 1200 3163 Barbari
1219 3097 1318 3163 ullam

208 3201 410 3266 mentionem
433 3217 508 3260 esse
527 3217 597 3259 non
611 3195 717 3260 refert
733 3193 879 3260 Orellius
893 3197 929 3259 in
942 3195 1086 3260 historia
1100 3197 1216 3261 critica
1231 3196 1320 3261 eclo·
1370 3199 1371 3204 ’

208 3319 326 3385 garum
342 3318 384 3359 ex
399 3293 538 3358 Salustii
555 3291 772 3356 historiarum
786 3292 881 3358 libris
897 3293 989 3358 edito
1003 3293 1119 3358 Turici
1134 3315 1221 3358 anno
1241 3295 1318 3360 1833

207 3419 240 3481 p.
249 3395 325 3478 35),
346 3390 495 3455 codicem
515 3410 584 3452 non
600 3391 733 3454 omnino
748 3389 870 3456 malum
887 3392 944 3475 qui
958 3390 1078 3456 luisset
1095 3386 1173 3456 ‘viri
1186 3414 1255 3458 non
1268 3394 1318 3456 iu·

208 3492 302 3557 docti
316 3489 425 3576 gentis
439 3487 643 3551 clarissimae
659 3488 888 3564 Stratiorum:
909 3489 1057 3577 Philippi
1071 3489 1228 3556 Beroaldi
1243 3485 1315 3554 ‘im-

206 3610 361 3680 pressum
382 3585 536 3672 quidem,
558 3585 620 3650 sed
640 3593 751 3652 tamen
769 3608 935 3673 perpense
951 3591 1172 3654 examinatum
1181 3589 1197 3664 ,'
1217 3606 1315 3673 prae-

207 3699 301 3754 terea
317 3685 421 3752 Codri
435 3683 679 3769 (Brixiensem,
694 3693 799 3771 putor
813 3687 871 3771 qui
885 3686 920 3751 in
931 3710 957 3762 1,
969 3687 1030 3752 853
1041 3687 1147 3753 habet
1158 3687 1249 3772 quod
1260 3686 1316 3751 ille

206 3786 339 3852 cCodri
351 3783 469 3849 codice
481 3779 609 3858 adfert,
620 3786 744 3868 sanquis
753 3785 901 3870 omnies),
918 3792 1089 3870 postremo
1099 3784 1254 3852 Marulli.
1268 3787 1317 3851 ita

206 3884 301 3950 aPio
321 3903 429 3967 usque
450 3881 494 3947 ad
514 3881 734 3968 Forbigerum
753 3904 870 3948 omnes
884 3883 1034 3948 Lucretii
1054 3883 1204 3948 editores
1225 3885 1316 3948 nullo

203 3979 358 4048 veritatis
384 3979 497 4046 studio
521 3979 864 4068 exemplaria'vetera
886 3989 920 4046 et
943 3982 1197 4058 recentissima,
1223 3983 1316 4048 multi

203 4077 404 4152 illarulliana
425 4099 561 4162 quoque
583 4086 618 4142 61
631 4077 773 4156 Aldina,
796 4081 908 4144 omnia
929 4080 1048 4144 eodem
1068 4101 1208 4144 numero
1223 4079 1314 4144 loco·

204 4201 270 4264 que
283 4175 491 4252 habuerunt3
507 4197 574 4261 quo
586 4175 710 4240 factum
724 4184 825 4240 estut
837 4179 1068 4242 omnesmulto
1080 4177 1179 4264 plura
1189 4187 1316 4244 temere

203 4285 238 4341 ct
251 4273 405 4359 imperite
419 4273 616 4358 temptando
632 4283 887 4360 corrumperent
901 4295 1001 4360 quam
1016 4285 1247 4341 correctorum
1258 4297 1314 4340 ve·

202 4383 310 4439 terum
333 4379 367 4436 et
389 4370 550 4435 Italorum
573 4373 775 4457 blarullique
797 4373 950 4459 exemplo
971 4375 1005 4438 in
1026 4375 1194 4459 integrum
1216 4374 1314 4438 resti·

201 4478 353 4538 tuerent.
368 4469 525 4536 Andreas
535 4471 729 4558 Numerius,
742 4471 836 4536 ouius
848 4492 953 4557 opera
961 4471 1069 4536 Aldus
1081 4493 1163 4537 usus
1175 4479 1228 4536 est
1239 4491 1313 4536 cum
