2972 5188
625 487 673 554 IV
1133 495 1202 563 243

173 657 726 726 570.Prrsson1o1ssnu1ss
747 683 863 727 ιοιιι
880 686 1059 728 raineri
1076 688 1203 733 soso·

91 779 169 820 rau
185 756 242 820 Ru
252 779 368 820 onir.
383 757 489 822 Recte
506 767 680 821 corrector
689 757 847 842 quadrati
862 769 896 824 et
906 761 1072 834 Marullus
1087 787 1202 830 soors
1290 771 1292 776 ’

89 855 221 933 reiecta,
235 863 275 918 ut
290 855 390 941 paulo
405 865 485 940 post
500 855 561 924 578
576 858 701 922 collibus
714 857 806 920 rerba
820 860 1030 942 repulsantes:
1044 883 1084 925 eo
1100 864 1201 928 modo

89 953 242 1036 replentur
256 953 457 1017 locaveram
471 953 530 1018 607
540 977 548 1030 ;
560 955 679 1038 nequis
693 951 783 1017 forte
799 955 981 1042 coniungat
994 960 1098 1023 solidis
1112 961 1200 1042 heis,

89 1049 184 1134 quod
199 1049 347 1114 debebat
361 1071 436 1115 esse
449 1053 554 1115 solidis
567 1053 639 1118 solis
659 1101 665 1114 .
686 1053 754 1116 loca
774 1052 860 1115 enim
881 1061 961 1117 sunt
977 1067 1107 1120 riatarae
1121 1059 1200 1124 loeo-

87 1171 176 1227 rum,
193 1167 279 1232 quas
297 1148 448 1212 breviter
470 1147 552 1212 dicit
571 1159 699 1213 auarus
715 1146 833 1212 Cicero
854 1149 898 1214 de
918 1159 1041 1215 natura
1061 1152 1200 1220 deorum

88 1267 120 1318 11,
132 1245 210 1319 144,
223 1246 306 1332 qaod
318 1245 365 1308 dis
379 1235 498 1310 nataris
510 1248 626 1310 relatas
639 1247 846 1336 amplificatur
855 1269 961 1311 sonae.
972 1247 1199 1318 Wakefieldus

85 1341 305 1406 Eiehstadius
320 1341 484 1429 Forbiger
505 1345 585 1428 lapis
605 1347 739 1422 reiecta,
763 1342 858 1427 quod
872 1343 1012 1407 ridicule
1034 1347 1199 1435 interpre-

85 1447 204 1505 tantur
218 1442 307 1527 quaei
321 1443 401 1528 lapis
414 1443 556 1505 reiectus.

167 1539 483 1604 &dermannus
505 1562 846 1604 nrsrrusorvocn
869 1541 1200 1622 crenus.Quadra·

85 1647 139 1702 tus
155 1661 291 1723 meyerus
311 1638 485 1723 dispersae.
509 1639 580 1703 eius
602 1646 777 1703 corrector
796 1660 936 1702 neena
957 1641 1128 1725 dispersos.
1151 1643 1199 1708 sio

87 1735 161 1800 ltali
177 1743 213 1800 et
227 1737 398 1821 impressi.

167 1835 238 1900 577.
260 1856 365 1898 eoos
387 1857 538 1898 vinnan
561 1856 693 1920 onore
716 1855 862 1898 vocis.
890 1834 966 1899 Itali
989 1841 1024 1897 et
1043 1836 1197 1923 impressi

87 1953 176 1994 vrur
200 1953 389 1996 arnonus
410 1953 510 1996 voees.

168 2028 240 2094 578.
262 2051 330 2092 ιιι
357 2051 508 2094 conaus
537 2051 739 2094 connisus
767 2051 847 2093 rrsr
875 2028 1018 2094 Versa
1047 2054 1198 2098 arrun-

87 2149 238 2190 ssuras
261 2148 491 2190 1rnaananr
512 2149 636 2190 orori
656 2149 851 2190 ιιιιιιιιιιι.
872 2127 1199 2214 Inhisnequeoerda

87 2225 167 2289 dieta
181 2222 264 2288 ferri
278 2230 442 2308 possunt,
456 2245 568 2308 neque
581 2225 732 2287 iterabant
744 2224 856 2310 referri
872 2271 878 2285 .
900 2224 974 2310 ipsis
991 2223 1197 2295 Veronensis

87 2324 209 2400 editio,
220 2320 404 2392 Marullus,
416 2321 520 2383 oeteri
535 2319 885 2384 anteWakefieldum:
897 2321 959 2386 sed
970 2323 1135 2390 Marullus
1149 2351 1197 2391 re·

77 2420 187 2506 serre,
202 2416 376 2481 Bentleius
390 2418 540 2482 iterabant
552 2420 613 2481 ieta
627 2418 763 2505 rasere,
778 2439 847 2481 non
861 2431 955 2483 reete
971 2469 977 2482 .
997 2443 1074 2484 nam
1088 2443 1210 2509 neque„

85 2520 198 2582 iterare
211 2517 408 2581 infinitivum
424 2517 488 2580 sibi
504 2515 641 2602 adiungi
652 2517 796 2600 patitur,
808 2523 969 2601 quantum
983 2520 1070 2596 seio,
1083 2542 1197 2604 quam-

88 2637 188 2700 quam
209 2615 397 2678 orationem
418 2613 587 2700 obliquam
603 2615 776 2678 subiunxit
788 2615 926 2689 Attius,
946 2617 1024 2680 itera
1045 2620 1078 2680 in
1097 2621 1198 2704 quiba’

80 2715 222 2796 partitio
241 2757 328 2766 —
349 2725 378 2777 at
395 2737 455 2800 qao
476 2713 573 2799 capta'
592 2713 680 2778 modo
691 2762 700 2792 ‚
713 2714 1031 2801 fortaaaaeaasorte
1045 2729 1197 2802 repertus,

87 2812 178 2895 apud
188 2812 335 2877 Nonium
348 2833 381 2895 p.
390 2812 469 2887 425,
480 2822 513 2876 et
523 2811 723 2897 Propertius
738 2813 866 2897 (neque
881 2813 967 2876 enim
979 2816 1106 2879 mutavi
1121 2839 1197 2881 sen-

87 2909 243 2993 tentiam)
263 2911 320 2974 Cni
327 2911 441 2995 portal
453 2911 578 2973 Alcides
591 2911 681 2972 iterat
693 2931 837 2993 responsa
852 2911 916 2983 dat,
929 2919 950 2983 ι’,
960 2909 1009 2984 20,
1018 2912 1075 2974 49:
1088 2933 1198 2998 neque

84 3006 144 3069 ieta
159 3007 282 3070 collibus
295 3007 387 3070 uerba
400 3005 521 3069 Latine
537 3005 603 3069 diei
617 3007 647 3068 is
661 3011 764 3091 polita
779 3026 879 3089 quem
892 3005 1065 3071 Bentleius
1081 3018 1197 3074 aueto-

85 3124 157 3166 rem
169 3102 265 3166 dedit
275 3101 479 3187 persuadet.
496 3110 548 3165 est
564 3102 650 3164 enim
664 3101 693 3164 is
709 3103 855 3184 scriptor
867 3101 992 3188 elegiae
1007 3104 1040 3165 in
1056 3115 1198 3170 mortem

84 3197 214 3272 Drusi,
237 3219 336 3283 quam
356 3198 427 3262 soio
442 3197 628 3282 Hauptium
647 3217 756 3261 meum
777 3197 911 3261 saeculo
927 3221 973 3262 xv
987 3206 1102 3264 natam
1123 3223 1199 3267 esse

85 3295 253 3379 suspicari
268 3317 275 3357 :
297 3315 407 3380 neque
422 3295 502 3358 mihi
518 3295 589 3358 eius
604 3315 723 3359 versus
738 3293 818 3370 220,
837 3295 894 3381 qui
909 3305 962 3360 est
975 3297 1075 3361 huius
1089 3299 1197 3377 modi,

85 3395 127 3456 At
139 3415 199 3457 roa
213 3384 347 3457 adverae
361 3393 485 3458 collitus
497 3396 559 3457 ieta
572 3395 672 3472 redit,
695 3392 905 3478 antiquitatis
921 3395 1068 3460 colorem
1084 3405 1197 3462 osteu-

86 3489 166 3555 dere
182 3491 333 3567 videtur,
350 3493 402 3556 cui
419 3494 622 3557 conveniunt
636 3493 749 3578 potius
765 3493 853 3557 eolles
866 3495 936 3558 eoae
949 3495 1003 3558 aa
1017 3503 1052 3558 et
1066 3497 1199 3561 clamore

85 3601 197 3654 monas
211 3592 285 3666 ieri,
308 3591 365 3676 qui
385 3595 465 3654 sunt
479 3591 514 3652 in
528 3590 614 3656 libro
630 3612 665 3665 11,
675 3589 736 3656 328
751 3637 759 3654 .
781 3611 870 3655 nune
893 3589 936 3655 de
957 3591 1010 3655 his
1024 3591 1198 3676 Hauptius

87 3683 157 3766 ipse
172 3687 260 3752 dixit
274 3690 307 3753 in
322 3697 570 3776 programmate
590 3688 760 3775 eleganter
780 3690 930 3774 scripto,
953 3689 1049 3775 quod
1069 3691 1197 3756 editum

88 3789 138 3846 est
151 3787 262 3871 pridie
277 3787 319 3851 Κ.
331 3785 513 3852 Novembr.
528 3787 616 3861 1849,
628 3807 660 3870 p.
669 3785 710 3850 26
722 3835 729 3850 .
740 3807 851 3871 neque
867 3808 930 3872 ego
944 3809 1024 3850 eaeo
1033 3788 1095 3850 ieta
1110 3810 1197 3872 quae

88 3877 196 3947 sintin
209 3883 323 3950 Ovidii
333 3884 479 3955 tristium
491 3906 526 3958 ιι,
537 3884 576 3948 16
586 3884 763 3969 intellego,
775 3884 837 3947 sed
847 3891 932 3968 puto
943 3890 1079 3969 politam
1090 3885 1197 3970 serip-

88 3973 170 4044 sisse
188 3983 279 4048 Tecta
291 4007 407 4048 memor
419 3981 522 4068 refero
535 4003 644 4044 rarae
658 3982 701 4044 ad
713 3983 774 4044 ieta
781 3981 912 4066 pedem,
924 3980 1097 4065 quomodo
1112 3981 1198 4047 dixit

88 4070 122 4134 ln
135 4095 164 4150 v,
173 4077 202 4153 4,
210 4080 252 4144 34
266 4083 335 4146 Nec
348 4082 546 4146 vetantem
560 4079 652 4143 limen
666 4077 755 4142 adire
769 4079 892 4143 domm
908 4077 1011 4142 nihilo
1023 4079 1132 4144 minus
1142 4082 1195 4144 ,νὶ-

89 4167 124 4231 tii
139 4175 253 4242 sedem
268 4179 441 4245 Bentleius
454 4187 526 4243 tum
540 4186 634 4242 reete
647 4177 825 4263 perspexit
847 4179 986 4264 (postea
1003 4177 1048 4242 ad
1063 4177 1197 4244 Horatii

90 4283 277 4338 sermonum
287 4275 407 4342 librum
419 4299 441 4353 1,
450 4277 507 4353 3,7
523 4276 684 4362 probavit
694 4273 965 4362 Marullianum):
981 4275 1198 4341 scribendum

91 4369 140 4428 est
155 4371 240 4436 enim
255 4397 276 4437 o
286 4397 306 4438 o
316 4396 387 4438 ora
402 4375 515 4462 rreserri
524 4424 530 4437 .
541 4375 591 4440 ita
602 4373 696 4459 apud
706 4371 882 4438 Horatium
898 4377 998 4440 amaia
1008 4375 1125 4440 Docta
1140 4374 1198 4436 iter
