2946 5188
659 497 690 564 11

106 679 146 732 51
159 690 215 732 155
230 668 384 754 progn'gni
399 679 435 732 et
448 669 577 753 genitas
593 691 809 754 procrescere
824 691 941 756 posse.

106 805 187 848 esse
200 784 302 867 igitur
316 803 438 868 genere
452 783 485 844 in
501 785 621 867 quovis
635 784 815 870 primordia
830 807 942 850 rerum

106 899 239 962 infinita
253 897 360 983 palam
376 905 444 973 est,
455 896 544 960 unde
559 900 668 962 omnia
683 899 955 987 suppeditantur.

154 1012 182 1075 N
187 1034 224 1076 ec
240 1033 399 1098 superare
415 1021 541 1095 queunt
556 1021 666 1078 motus
679 1003 792 1098 itaque
809 1016 956 1080 exitiales

24 1145 82 1190 515
107 1135 276 1212 perpetuo
291 1147 400 1212 neque
414 1127 448 1189 in
464 1135 635 1190 aeternum
650 1129 791 1214 sepelire
807 1129 959 1206 salntem,

108 1263 175 1305 nec
189 1263 292 1327 porro
307 1235 415 1306 rerum
430 1241 594 1326 genitales
608 1243 817 1329 auctificique

108 1365 224 1419 motus
239 1365 404 1442 perpetuo
419 1363 562 1442 possunt
577 1377 712 1424 servare
727 1372 855 1423 creata.

109 1471 162 1534 sic
176 1492 285 1555 aequo
300 1471 619 1560 geriturcertamine
633 1473 869 1558 principiorum

110 1607 157 1648 ex
171 1584 298 1648 infinito
314 1594 520 1650 contractum
537 1592 686 1670 tempore
700 1587 837 1652 bellum.

28 1719 85 1762 515
109 1721 204 1763 nunc
218 1699 272 1762 hic
285 1721 374 1764 nunc
388 1699 454 1762 illic
468 1708 629 1786 superant
641 1701 754 1765 vitalia
768 1723 893 1778 rerum,

112 1824 150 1878 51
165 1823 366 1900 superentur
379 1815 457 1878 item
468 1863 474 1876 .
485 1815 643 1879 miscetur
656 1815 772 1880 funere
787 1837 908 1903 vagor,

113 1949 216 2014 quem
231 1929 324 2015 pueri
337 1928 460 1992 tollunt
472 1929 610 1994 visentis
626 1929 755 1994 luminis
770 1952 861 1995 oras:

113 2064 179 2106 nec
193 2064 261 2107 nox
274 2043 342 2108 11115
357 2042 444 2108 diem
457 2065 566 2128 neque
580 2053 714 2108 noctem
729 2067 850 2110 5111515
864 2057 1027 2124 secutast,

114 2179 204 2242 quae
219 2179 286 2222 non
301 2156 444 2222 audierit
458 2159 580 2222 mixtos
595 2160 761 2244 vagitibus
777 2162 884 2245 aegris

34 2293 90 2334 5511
114 2272 269 2358 ploratus
280 2321 287 2347 ‚
298 2273 414 2338 1151115
430 2273 569 2356 comites
585 2281 619 2336 et
632 2271 759 2337 funeris
774 2275 854 2338 atri.

160 2386 246 2450 Illud
260 2388 294 2450 in
309 2387 363 2452 1115
376 2387 588 2472 obsignatum
603 2409 739 2472 quoque
753 2390 855 2453 rebus
868 2389 993 2454 habere

114 2502 276 2566 convenit
289 2512 324 2566 et
337 2502 472 2566 memori
487 2500 678 2566 mandatum
692 2511 803 2566 mente
818 2511 948 2579 tenere,

114 2618 165 2681 nil
180 2638 269 2693 esse,
280 2617 314 2680 in
329 2625 485 2702 promptu
500 2637 641 2701 quorum
656 2626 777 2682 natura
791 2617 938 2693 videtur,

117 2730 214 2817 quod
227 2731 350 2817 genere
366 2753 407 2794 ex
422 2753 489 2794 uno
506 2731 668 2795 consistat
683 2733 934 2818 principiorum,

40 2867 91 2912 555
114 2867 180 2910 155
194 2842 480 2931 quicquanr·quod
494 2866 563 2908 non
577 2847 741 2932 permixto
758 2849 881 2911 semine
897 2857 1044 2915 constet:

116 2973 152 3026 et
169 2959 417 3046 quodcumque
432 2960 536 3046 magis
550 2961 601 3023 vis
616 2961 737 3024 11111155
751 2961 905 3045 possidet
919 2965 951 3026 in
968 2987 1004 3026 se

117 3085 221 3161 atque
236 3083 443 3160 potestates,
453 3073 500 3138 ita
514 3074 655 3159 plurima
669 3075 905 3161 principiorum

116 3194 152 3256 in
168 3211 241 3254 sese
255 3211 380 3276 genera
393 3210 432 3254 55
446 3191 556 3253 varias
572 3188 673 3254 docet
687 3209 762 3254 5555
775 3189 914 3274 figuras.

117 3306 283 3392 principio
299 3305 397 3369 tellus
412 3304 516 3368 habet
528 3305 562 3368 in
577 3326 613 3368 se
629 3325 774 3389 corpora
787 3305 909 3390 prima,

46 3443 95 3484 ,155
117 3418 210 3484 111115
225 3440 316 3484 mare
330 3420 515 3483 inmensum
528 3418 703 3483 volventes
717 3418 843 3505 frigora
856 3419 968 3484 sontes

118 3533 262 3600 adsidue
276 3541 458 3610 renovent,
468 3531 571 3600 habet
584 3535 678 3619 ignes
692 3533 783 3597 unde
799 3535 964 3598 oriantur:

119 3671 198 3716 nam
212 3648 324 3714 multis
340 3669 501 3712 succensa
514 3649 597 3713 locis
612 3647 734 3712 ardent
747 3648 820 3712 5515
835 3657 959 3722 terrae,

120 3764 248 3828 eximiis
264 3783 344 3828 vero
359 3763 439 3827 furit
453 3747 584 3848 ignibus
598 3764 741 3848 impetus
756 3765 899 3827 Aetnae:

121 3893 193 3943 11111
206 3899 309 3963 porro
324 3877 448 3942 nitidas
462 3877 576 3962 fruges
591 3878 796 3962 arbustaque
810 3878 899 3942 laeta

48 4013 96 4058 555
118 3994 277 4080 gentibus
293 3992 445 4056 humanis
460 3991 563 4056 habet
577 3991 667 4056 unde
683 3993 843 4058 extollere
858 3993 982 4078 possit.

121 4105 213 4174 1111115
228 4109 324 4172 etiam
340 4105 460 4172 fluvios
474 4107 613 4171 frondes
628 4116 661 4171 ct
675 4107 798 4193 pabula
810 4107 899 4171 laeta

121 4223 314 4308 montivago
330 4221 443 4307 generi
458 4223 565 4308 possit
579 4223 740 4307 praebere
755 4221 912 4286 ferarum.

125 4475 179 4520 186
198 4467 232 4523 Et
251 4487 318 4539 (pune
336 4471 346 4538 ΙΙ
367 4477 414 4522 593
435 4468 476 4521 Ex
495 4470 553 4521 imis
