3034 5198
282 482 327 552 82
822 479 854 546 ll

283 654 516 731 4‚19v‚3‚59.
542 633 731 740 dactylicos
757 659 868 717 nutem
891 651 1049 718 heroicos
1072 653 1170 718 binos
1193 655 1242 720 ita
1264 675 1396 744 semper

240 825 246 838 ⁸
284 754 547 827 coniunxerunt,
565 761 603 816 ut
619 753 780 817 continue
795 757 886 815 esset
899 771 1010 836 neque
1024 751 1215 838 interrupte
1230 753 1396 830 cesione.

284 873 365 939 ergo
380 850 436 916 hic
447 849 527 938 pedi
538 855 636 914 sexto
648 848 820 934 spondeus
833 850 1007 924 convenit,
1021 870 1091 914 non
1101 849 1301 916 trochaeus.
1317 851 1396 916 ‹lnc-

284 951 356 1038 tylo
380 951 437 1034 qui
459 970 541 1013 usus
564 947 610 1012 sit
628 969 730 1012 unum
752 944 910 1012 Ovidium
929 948 1083 1022 invenio,
1107 947 1258 1014 simodo
1279 971 1397 1014 verum

285 1056 337 1115 cst
359 1069 434 1112 eum
454 1047 489 1112 in
510 1043 830 1132 metamorphoseon
850 1043 978 1118 111‚395
1002 1044 1179 1130 scripsisse
1200 1046 1311 1110 Barba
1332 1059 1399 1112 erat

283 1146 452 1232 incipieus,
481 1143 594 1208 barbae
621 1143 704 1208 color
731 1165 866 1222 auresue,
896 1165 1051 1229 boreaque
1079 1145 1116 1208 de
1143 1147 1257 1208 umeris
1284 1145 1399 1209 inedies

285 1267 371 1310 aenea
391 1241 574 1328 dependebat
592 1242 626 1304 be
646 1263 769 1304 armoe:
787 1261 864 1304 nem
885 1241 1194 1324 exemplar-inbono
1209 1242 1397 1326 etantiqua

285 1342 396 1408 omnio
415 1340 544 1405 hebent
564 1361 660 1404 aurea
676 1338 729 1402 Ee
748 1340 879 1402 ureris.
900 1339 966 1403 hoc
987 1339 1299 1415 certissimorum,
1319 1360 1397 1425 per·
1496 1333 1497 1360 ³

283 1461 399 1527 perum
418 1439 454 1504 in
467 1437 604 1502 Horatii
624 1457 815 1505 sermonum
831 1461 852 1511 1,
860 1436 939 1524 22⁶²
959 1437 1141 1522 plerosque
1159 1437 1308 1502 scribere
1322 1439 1399 1523 qadd

282 1541 382 1603 icter-
392 1536 449 1602 Est
467 1535 500 1598 ic
514 1544 655 1598 matrona
669 1535 783 1598 oedila
790 1557 938 1620 peccesne
952 1534 1079 1621 iocata?
1099 1542 1134 1599 et
1147 1536 1301 1621 imperite
1317 1535 1397 1600 Ser·

221 1680 227 1690 .
284 1631 582 1699 viusinAcneidos
592 1629 693 1706 x‚496
704 1629 787 1694 dicit
796 1629 1050 1716 hypermetrum
1060 1654 1196 1698 versum
1208 1654 1283 1698 esee
1293 1653 1398 1718 posse

284 1731 423 1796 iueuaeu‘a
430 1729 573 1813 pondero
586 1727 677 1792 baltei
689 1728 917 1814 laurentumque
927 1729 1030 1816 nessus.
1040 1731 1076 1794 in
1087 1729 1235 1795 disticho
1247 1731 1396 1817 elegiaco

286 1828 436 1894 Catullus
455 1825 585 1913 syllaba
603 1826 705 1910 longe
719 1847 801 1890 usus
817 1833 869 1889 est
886 1826 999 1902 115‚5‚
1015 1827 1130 1908 Prata,
1151 1852 1244 1907 arua,
1263 1831 1397 1914 luamus

283 1928 375 1991 sileas
398 1925 550 2010 subusque
567 1924 758 2010 paludesque
781 1927 875 2009 euque
899 1926 943 1988 ad
963 1923 1175 2014 Hyperboreos
1198 1938 1227 1990 et
1246 1951 1333 1992 more
1355 1929 1399 1990 ad

289 2024 459 2091 Oceanum.

371 2117 1397 2208 120.οοιιοηιιε.1ριιᾱ11011111ρῶ1σωιοειεεςᾱοῳιο

285 2221 417 2290 dicetur
432 2217 477 2283 ed
490 2218 612 2284 librum
626 2239 657 2293 v,
666 2217 723 2282 85.
738 2217 783 2281 ed
797 2217 951 2304 proxime
966 2218 1167 2284 scholiastes
1181 2219 1309 2285 Luceni
1323 2241 1395 2286 res-

285 2317 368 2407 picit
386 2319 473 2384 libro
495 2339 540 2392 rx,
549 2316 628 2391 563,
647 2316 706 2380 ubi
725 2315 810 2381 haec
830 2316 1009 2402 leguntur.
1035 2317 1098 2382 Hie
1112 2320 1267 2404 eoeeuplor
1274 2322 1395 2404 poerit,

289 2418 447 2482 Laeeuee
461 2417 633 2500 exemplare
640 2416 745 2499 posuit
752 2462 760 2488 ‚
780 2437 835 2478 uos
847 2417 881 2478 ia
894 2438 952 2479 um
966 2417 1136 2500 cantuplum
1150 2417 1277 2480 dieimtu
1288 2443 1299 2479 :
1319 2417 1396 2481 adeo

284 2517 388 2580 omnia
407 2525 478 2577 sum
499 2512 633 2576 Latina.
657 2511 872 2577 scribendum
895 2521 948 2576 est
968 2537 1023 2578 aas
1044 2515 1077 2576 iu
1098 2537 1157 2577 usse
1175 2516 1396 2600 eceueplarium

285 2612 435 2674 dicimus.-
456 2610 505 2672 sic
525 2608 612 2672 euim
633 2606 810 2684 dicebaut,
832 2608 900 2674 hoc
920 2613 1156 2696 complurium,
1176 2611 1276 2676 huius
1294 2634 1394 2678 esecu-

279 2708 396 2792 plurib,
411 2705 479 2770 hoc
493 2707 678 2790 exemplario
686 2753 695 2784 ,
710 2705 790 2770 item
805 2708 950 2770 medeam
965 2715 1000 2771 et
1014 2709 1140 2774 albedo.

374 2803 440 2868 134.
456 2823 721 2868 concremes.
735 2803 813 2868 Itali
828 2811 862 2868 et
875 2804 1030 2890 impressi
1046 2829 1310 2872 oouorsrnru.

372 2901 439 2966 136.
465 2923 644 2966 renunes
672 2924 868 2978 nisurus,
898 2903 1078 2980 Ieseoun
1104 2928 1235 2971 ronne
1261 2929 1393 2972 reuco

285 3022 441 3068 usrous
460 3021 705 3064 neouseurr.
727 3000 960 3086 Antiquieimi
973 3010 1186 3068 correctores
1201 3027 1395 3071 orsurus.

285 3109 355 3166 tum
367 3098 535 3164 Antonius
545 3097 646 3164 Marii
660 3099 785 3186 Ictaque
797 3122 876 3186 qliae
886 3123 982 3185 poem
989 3147 998 3178 ,
1009 3097 1174 3166 Marullus
1185 3123 1260 3166 cum
1272 3105 1395 3169 ceteris

284 3199 417 3286 ipsaque
435 3221 514 3285 quae
527 3221 625 3282 porro
640 3199 738 3282 paulo
756 3199 878 3262 maiora
888 3246 897 3277 ‚
920 3199 1027 3263 verbo
1045 3200 1258 3264 substantivo
1274 3211 1396 3266 contre

284 3295 433 3360 Lucretii
443 3293 720 3360 consuetudinem
732 3293 921 3360 deficiente.
932 3295 1048 3382 itaque
1058 3297 1146 3362 melo
1155 3297 1288 3386 bacaque
1298 3323 1395 3365 eso·

285 3413 414 3457 rosso
430 3393 529 3477 paulo
542 3393 663 3456 maiora
676 3394 840 3458 lacessunt.
859 3393 927 3456 hoo
942 3395 1122 3470 adverbio,
1138 3396 1230 3480 quod
1245 3396 1396 3462 Lucretii

284 3490 459 3576 proprium
470 3511 545 3554 esee
556 3497 694 3575 putent,
708 3489 856 3554 Lucilius
867 3511 1004 3576 quoque
1014 3514 1095 3557 usus
1108 3501 1161 3558 est
1170 3493 1205 3558 in
1214 3493 1303 3560 libro
1314 3518 1396 3572 m,

284 3609 409 3671 eperum
432 3586 613 3650 luctarerne
634 3587 760 3651 eoadem
775 3586 867 3652 Hace
881 3611 1037 3676 proporro
1050 3614 1141 3676 posse
1162 3603 1190 3658 et
1201 3614 1342 3657 mmuum
1355 3617 1398 3658 ec

285 3706 338 3748 cre
346 3683 509 3765 dobnerum
520 3705 608 3768 quae
618 3687 723 3751 verbe
733 3686 873 3752 nutricis
885 3696 979 3752 sunt:
991 3689 1025 3752 in
1037 3687 1138 3754 Nonii
1149 3713 1180 3776 p.
1191 3691 1258 3766 140,
1268 3689 1305 3755 13
1317 3691 1396 3756 libri

284 3803 411 3866 sperans
424 3790 550 3844 culmem
564 3783 690 3846 eoeedeu
702 3783 777 3847 baec
784 3784 930 3870 prey'mo
936 3798 1054 3872 posset.

371 3878 437 3942 144.
451 3876 612 3942 Puruuu
630 3899 792 3944 eunoun
807 3903 942 3946 rovon
957 3903 1033 3948 cuu
1048 3905 1221 3949 seenorr
1237 3909 1395 3951 course

233 3985 239 3996 '
285 3997 455 4040 neruus.
474 3976 706 4060 Antiquissimi
720 3987 931 4045 correctores
947 4003 1071 4046 uovo.
1087 3981 1257 4070 Vergilius
1271 3987 1395 4050 Aenei-

285 4073 350 4138 dos
372 4095 417 4148 1x‚
425 4072 487 4138 459
501 4072 546 4138 Et
564 4076 628 4137 ium
641 4078 750 4160 pomo
765 4100 840 4142 notro
859 4079 1018 4163 moryebot
1031 4081 1144 4144 lumine
1157 4090 1255 4145 terras
1274 4083 1396 4148 Tilbom'

285 4193 423 4238 oroceeuu
444 4171 581 4256 litequeeu
602 4195 718 4239 αιινονα
739 4176 857 4256 mabil&
883 4175 975 4258 quod
996 4173 1134 4242 Servius
1154 4177 1395 4246 Lucretianum

285 4289 361 4335 esse
376 4269 458 4334 dicit
469 4317 482 4346 .,
491 4277 635 4356 apparet
648 4279 760 4338 autem
774 4271 958 4358 Vergilium
972 4275 1135 4360 temporis
1149 4276 1395 4362 significatione

283 4367 455 4454 accepisse
462 4368 617 4452 primun,
628 4391 697 4434 non
708 4367 1092 4444 ordinis‚utCreechius
1103 4373 1394 4442 etWekelieldue.
