2946 5188
638 441 654 508 Ι

64 615 243 682 dimidiam
258 623 546 702 pertem,nec1·es
560 613 734 699 praefiniet
748 614 827 679 ulla.

65 753 147 818 ergo
163 753 283 796 rerum
296 731 383 794 inter
398 749 556 794 summam
571 728 801 815 minimamque
818 729 899 814 quid
914 729 1018 794 escit?

19 861 44 908 ιο
65 847 110 909 nil
125 847 196 910 erit
210 853 250 908 ut
265 843 386 908 distet:
397 866 473 908 nam
488 843 639 928 quamvis
653 841 804 910 funditus
819 844 926 908 omnis

67 981 199 1023 summa
215 960 260 1024 sit
274 959 418 1031 infinita,
430 967 541 1022 tamen
551 1006 559 1033 ,
570 957 767 1042 parvissima
782 979 868 1043 quac
883 966 978 1024 suut.

69 1096 110 1138 cx
123 1073 268 1138 infinitis
283 1074 490 1138 constabunt
503 1072 655 1158 partibus
670 1092 793 1158 aeque.

69 1187 162 1274 quod
179 1189 341 1274 quoniam
354 1188 441 1251 ratio
455 1187 615 1252 reclamat
629 1207 710 1252 vera
723 1193 890 1272 negatque

69 1301 214 1366 credere
229 1323 331 1390 posse
346 1301 488 1366 animum
498 1351 505 1378 ‚
516 1303 626 1368 vietus
641 1299 768 1364 fateare
783 1307 956 1364 necessest

19 1431 49 1476 nu
70 1438 143 1480 esse
159 1438 203 1481 ea
219 1437 307 1502 quae
322 1415 420 1480 nullis
434 1417 498 1480 iam
513 1413 668 1501 praedita
681 1415 834 1502 partibus
850 1422 965 1478 extent

73 1539 105 1595 et
118 1532 257 1596 minima
272 1539 429 1595 constent
442 1539 578 1594 natura.
591 1549 677 1614 quae
692 1529 847 1612 quoniam
863 1535 956 1602 sunt,

71 1643 124 1708 illa
138 1667 281 1730 quoque
298 1666 372 1708 esse
386 1644 446 1709 tibi
461 1643 569 1708 solida
583 1651 685 1728 atque
699 1649 838 1706 aeterna
852 1641 1042 1706 fatendum.

73 1757 220 1844 denique
234 1759 269 1824 ni
282 1759 432 1822 minimas
446 1758 480 1820 in
494 1758 599 1842 partis
615 1763 737 1821 cuncta
751 1757 874 1822 resolvi

76 1894 194 1959 cogere
211 1879 410 1938 consuesset
424 1893 533 1936 rerum
548 1878 669 1935 natura
684 1871 846 1946 creatrix,

18 2001 55 2046 5³0
73 1986 133 2051 iem
147 1988 195 2054 nil
211 2009 255 2052 cx
268 1988 333 2052 illis
348 1986 464 2051 eedem
479 1999 636 2072 reparare
651 1985 779 2050 valeret

78 2111 258 2187 propterea
272 2103 367 2187 quie,
379 2123 464 2187 qnae
479 2101 590 2165 multis
605 2107 685 2164 sunt
698 2100 850 2186 partibus
865 2107 975 2173 aucta,

76 2236 140 2279 non
154 2225 303 2303 possunt
317 2238 358 2280 ea
371 2237 458 2301 quae
473 2215 575 2281 debet
583 2213 743 2300 ,genitalis
756 2213 882 2278 habere

78 2331 246 2407 materies,
258 2331 371 2394 varios
386 2351 552 2405 conexus,
563 2327 732 2414 pondera,
743 2329 877 2413 plagas,

81 2463 279 2521 concursus,
290 2455 418 2520 motus,
430 2465 491 2531 per
506 2463 661 2529 quaeres
677 2461 830 2528 quaeque
844 2447 1019 2526 geruntur.

23 2567 60 2613 ⁶³⁵
116 2557 189 2638 Qua
203 2567 346 2646 propter
362 2560 417 2644 qui
432 2558 600 2624 materiem
615 2579 725 2622 rerum
740 2577 815 2621 esse
829 2563 990 2644 putarunt

82 2671 182 2756 ignem
197 2682 302 2759 atque
318 2695 360 2736 ex
374 2673 442 2758 igni
455 2694 615 2738 summam
629 2672 814 2737 consistere
828 2670 918 2746 sele,
950 2705 957 2718 ·

81 2807 193 2873 magno
211 2809 314 2874 opere
329 2808 350 2851 a
363 2808 443 2852 vera
456 2787 541 2872 lapsi
555 2787 685 2852 ratione
699 2785 869 2851 videntur.

83 2896 267 2968 Heraclitus
282 2903 343 2967 init
357 2922 498 2986 quorum
514 2900 584 2966 dux
598 2900 726 2986 proclia
739 2900 881 2985 primus,

83 3013 183 3082 clarus
198 3018 244 3082 ob
260 3017 436 3081 obscuram
449 3016 594 3099 linguam
608 3013 712 3098 magis
726 3013 812 3076 inter
826 3011 934 3074 inanis

30 3136 66 3183 ero
84 3131 219 3212 quamde
233 3130 346 3218 gravis
360 3130 447 3193 inter
463 3127 600 3202 Graios,
612 3126 670 3211 qni
685 3145 765 3188 vera
777 3124 966 3208 requirunt:

85 3246 183 3311 omnia
197 3245 284 3310 enim
298 3241 412 3309 stolidi
426 3241 530 3328 magis
545 3239 749 3306 admirantur
764 3244 957 3321 amantque,

85 3355 217 3425 inversis
232 3379 318 3445 quae
333 3358 395 3422 sub
410 3357 521 3422 verbis
534 3353 700 3421 latitantia
714 3361 872 3428 cernunt,

86 3489 222 3560 veraque
237 3473 446 3538 constituunt
460 3493 545 3556 qnae
561 3471 647 3536 belle
662 3477 800 3554 tangere
815 3473 958 3552 possunt

86 3569 165 3652 auris
179 3597 214 3654 et
226 3585 340 3674 lepido
356 3607 442 3670 quae
457 3595 536 3650 sunt
549 3585 663 3651 fricata
678 3602 817 3646 sonore.

36 3703 70 3751 ec
120 3699 202 3768 Nam
218 3723 278 3766 cur
293 3709 361 3765 tam
375 3701 487 3764 variae
502 3721 557 3764 res
571 3705 712 3786 possent
727 3717 801 3760 esse
811 3743 818 3770 ,
829 3694 980 3778 requiro,

89 3831 124 3876 cx
136 3837 199 3881 uno
214 3818 243 3881 si
258 3823 337 3880 sunt
349 3816 416 3901 igni
431 3835 585 3902 puroque
600 3811 757 3876 creatae?

89 3927 126 3990 nil
139 3929 316 4016 prodesset
330 3930 415 3994 enim
430 3927 571 3992 calidum
587 3925 757 3990 denserier
771 3926 880 4009 ignem

89 4059 141 4106 nec
153 4066 228 4108 rare
242 4043 329 4119 lieri,
341 4046 369 4108 si
387 4051 501 4130 partes
515 4041 601 4128 ignis
617 4039 756 4104 eandem

98 4225 116 4230 .-

92 4321 133 4371 ur
149 4324 217 4394 quod
245 4325 256 4392 ll
282 4329 332 4376 626
350 4329 474 4376 coustant
500 4324 510 4388 11
538 4327 587 4373 626
606 4321 629 4373 si
657 4321 666 4386 ll
693 4323 742 4370 631
761 4315 839 4370 nullis
863 4315 877 4402 ll
905 4320 954 4366 tat
974 4327 1038 4382 quas
1066 4313 1075 4376 Η
1104 4309 1205 4360 63901)

94 4411 211 4462 minema.
231 4407 241 4476 ΙΙ
260 4409 310 4458 646
329 4405 371 4458 Ex
390 4423 438 4458 uro
