2970 5268
629 478 676 546 lll
752 507 754 513 ·

101 651 235 717 omnibus
251 673 325 716 esse
339 652 441 738 igitur
456 659 545 715 totas
561 650 708 716 dicemus
723 652 757 715 in
772 651 835 716 illis

40 785 81 828 era
100 767 254 854 particulis
269 765 421 830 animas?
432 773 469 830 at
483 787 522 830 ea
536 765 665 829 ratione
680 773 843 851 sequetur

102 903 184 946 unam
198 880 397 946 animantem
411 880 538 944 animas
551 878 711 944 habuisse
725 880 760 944 iu
775 902 918 966 corpore
932 881 1068 946 multas.

100 1016 165 1080 ergo
180 993 320 1060 divisast
334 1015 374 1058 ea
388 1016 476 1079 quae
487 994 552 1058 fuit
565 1015 632 1059 una
646 995 742 1058 simul
756 1017 829 1058 cum

100 1131 241 1196 corpore;
253 1131 321 1195 qua
336 1118 476 1196 propter
490 1109 629 1174 mortale
645 1117 823 1194 utrumque
838 1107 1070 1195 putandumst,

98 1224 247 1288 iumultas
263 1223 419 1310 quoniam
435 1225 540 1310 partis
555 1223 729 1288 disciditur
743 1245 865 1308 aeque.

40 1356 79 1398 sta
131 1337 301 1403 Praeterea
315 1339 343 1402 si
357 1337 539 1404 inmortalis
553 1347 673 1404 natura
688 1337 806 1402 animai

98 1462 215 1518 constat
229 1461 263 1518 et
277 1453 310 1517 in
326 1475 450 1539 corpus
465 1455 678 1518 nascentibus
693 1453 893 1529 insinuatur,

96 1590 145 1630 cur
158 1589 255 1654 super
270 1577 349 1633 ante
364 1577 471 1633 actem
485 1577 628 1633 aetatem
643 1568 828 1632 meminisse
843 1569 1031 1654 nequimus,

94 1703 145 1744 nec
157 1682 296 1769 vestigia
309 1691 478 1769 gestarum
493 1703 602 1747 rerum
617 1682 684 1775 ulla
698 1683 872 1748 tenemus?

92 1817 156 1860 narn
169 1797 194 1860 si
210 1807 306 1862 tanto
321 1805 457 1883 operest
472 1796 570 1860 animi
585 1803 714 1860 mutata
727 1805 895 1882 potestas,

38 1926 72 1968 ua
90 1911 182 1974 omnis
196 1919 232 1974 ut
247 1919 395 1975 actarum
411 1907 572 1974 exciderit
586 1911 763 1976 retinentia
776 1933 905 1984 rerum,

92 2047 164 2100 non,
174 2033 211 2090 ut
224 2024 362 2111 opinor,
372 2023 407 2088 id
423 2045 443 2089 a
458 2025 525 2088 leto
539 2025 604 2089 iam
620 2027 763 2110 lougiter
776 2036 883 2101 ‘errat3

91 2159 149 2222 qua
163 2148 298 2226 propter
312 2138 439 2204 fateare
454 2149 626 2204 necessest
641 2162 726 2224 quae
740 2141 802 2206 fuit
817 2149 894 2206 ante

90 2253 256 2328 interiisse,
270 2261 302 2318 et
318 2275 404 2338 quae
420 2276 508 2318 nunc
523 2263 576 2319 est
589 2278 677 2319 nunc
693 2277 766 2320 esse
782 2267 942 2322 creatam.

125 2367 297 2434 Praeterea
311 2369 339 2432 si
354 2370 417 2434 iam
432 2368 584 2453 perfecto
601 2392 743 2458 corpore
758 2372 855 2436 nobis

37 2495 71 2538 tu·
90 2481 190 2546 inferri
205 2485 337 2549 solitast
351 2484 448 2548 animi
463 2485 578 2548 vivata
594 2493 743 2572 potestas
801 2541 805 2548 .

89 2605 149 2660 tum
164 2621 234 2663 cum
248 2599 412 2685 gignimur
427 2608 461 2664 et
476 2599 563 2662 vitae
580 2621 652 2663 cunr
668 2601 765 2664 limen
780 2601 912 2673 inimus,

88 2711 169 2776 haud
182 2715 227 2778 ita
242 2714 462 2778 conveniebat
476 2715 523 2778 uti
539 2736 612 2779 curn
628 2737 771 2802 corpore
787 2725 902 2782 etune

89 2849 153 2890 curn
166 2828 319 2892 membris
333 2828 487 2894 videatur
500 2831 534 2893 in
549 2832 623 2916 ipso
638 2832 798 2914 sanguine
814 2855 941 2903 cresse,

90 2941 141 3005 sed
156 2945 205 3008 vel
219 2945 305 3008 utin
320 2964 423 3008 cavea
437 2967 547 3031 perse
562 2945 624 3011 sibi
640 2947 751 3008 vivere
767 2945 870 3009 solam

40 3065 71 3112 tu
89 3059 248 3134 convenit,
259 3070 297 3122 ut
311 3079 411 3122 sensu
427 3081 550 3144 corpus
566 3069 676 3122 tamen
692 3069 806 3122 arceat
821 3081 934 3123 omne.

41 3181 72 3224 ur
88 3172 169 3255 quod
181 3173 251 3238 fieri
267 3181 373 3238 totum
389 3183 507 3236 contra
522 3172 697 3270 manifesta
713 3171 814 3238 docet
828 3195 897 3238 res:

91 3307 219 3374 namque
236 3289 283 3352 ita
298 3309 428 3352 conexa
443 3295 495 3352 est
509 3309 687 3374 perrenae
704 3289 833 3353 viscera
846 3309 969 3354 nervos

89 3423 236 3488 ossaque,
248 3403 297 3468 uti
312 3402 431 3467 dentes
446 3425 581 3488 quoque
596 3425 697 3468 sensu
714 3403 969 3491 participentur:

91 3537 207 3583 morsus
221 3527 261 3584 ut
274 3517 417 3590 indicat,
428 3527 462 3582 et
475 3518 595 3604 gelidai
610 3519 758 3605 stringor
772 3519 885 3604 aquai,

91 3639 118 3692 et
130 3631 208 3718 lapis
224 3654 405 3720 expressus
420 3635 554 3698 subiens
570 3656 588 3698 e
603 3634 753 3720 frugibus
768 3655 881 3720 asper.

43 3751 74 3799 bt
91 3765 179 3828 quare
194 3750 292 3813 etiam
308 3755 409 3834 atque
424 3749 520 3814 etiam
536 3771 645 3833 neque
660 3749 796 3834 originis
811 3770 885 3812 esse
901 3748 1118 3834 putandumst

91 3863 225 3947 expertis
240 3863 366 3928 animas
380 3885 442 3928 nec
457 3864 514 3928 leti
528 3863 602 3949 lege
617 3863 761 3930 solutas:

91 3995 153 4040 narn
166 4001 276 4064 neque
292 3987 387 4043 tauto
403 3999 505 4064 opere
520 3977 653 4042 adnecti
668 3981 818 4064 potuisse
834 3977 1051 4064 putandumst

91 4095 277 4180 corporibus
292 4095 416 4159 nostris
432 4095 641 4160 extrinsecus
656 4095 858 4166 insinuatas,

94 4243 282 4258 ----.--—..

94 4291 133 4342 665
150 4294 248 4348 mimas
265 4293 316 4348 dtr.
343 4293 354 4362 11
381 4301 430 4346 674
449 4311 532 4365 opere
549 4293 654 4348 animist
680 4293 690 4362 11
721 4299 770 4346 676
789 4293 821 4344 ab
848 4289 858 4360 11
887 4293 991 4364 lougius
1023 4295 1033 4360 11
1064 4297 1112 4343 680
1131 4290 1210 4342 solita

93 4373 185 4430 nimiu
210 4375 221 4444 11
248 4383 297 4430 685
317 4377 397 4430 alluat
421 4377 430 4447 11
456 4383 501 4430 691
524 4380 624 4430 viscera
642 4393 789 4446 perventis
816 4377 825 4442 11
854 4382 902 4428 663
924 4376 1035 4428 Morbus
1060 4376 1070 4438 11
1095 4389 1175 4441 aque.
1199 4371 1209 4438 11

95 4457 136 4508 tut
153 4477 297 4532 oppressus
316 4461 411 4514 subitis
