3034 5198
653 499 685 567 11
862 599 865 610 ῃ
1155 457 1417 575 nis

115 685 178 742 est.
189 675 256 740 Ilec
270 676 347 760 cepit
361 674 484 738 Corsico
491 676 659 760 Aderitque
672 674 747 738 urhe
757 722 763 735 .
775 673 819 737 Et
828 685 943 737 tuntum
954 685 1094 738 eenmotu
1107 677 1223 749 uirum,

114 776 191 839 tunc
204 774 309 837 sedula
322 783 421 836 meret.
433 771 522 836 Haec
536 773 642 836 eudem
657 783 726 834 cute
740 772 826 834 illum
840 774 953 857 inpune
967 783 995 835 et
1008 771 1122 836 Lesbia
1128 773 1221 860 feeit.

117 873 144 935 0
155 895 203 935 me
209 872 336 959 felicem
344 919 352 949 ‚
364 893 381 934 o
395 893 457 934 nou
470 869 546 933 milri
560 870 710 934 cottdidu.
728 869 791 932 Sed
804 870 877 931 dum
890 871 990 933 otest.
1007 871 1141 935 Reddita
1154 885 1225 936 runt

114 993 178 1033 crem
193 971 285 1034 odore
300 1017 307 1030 .
331 979 412 1032 cocto
425 989 499 1030 uum
515 968 599 1030 adest
613 1015 619 1030 .
642 967 730 1030 milia
743 967 874 1030 militum
888 977 953 1031 octo
968 1015 975 1028 .
1001 968 1087 1032 Dum
1101 971 1222 1056 quidem

112 1089 187 1129 imru
198 1066 287 1129 tomo
302 1113 309 1128 .
326 1085 393 1128 non
404 1063 617 1148 pronuntiari
629 1071 740 1126 autem
750 1085 781 1124 m
792 1061 939 1128 litteram
949 1065 984 1128 in
998 1064 1051 1130 his
1066 1114 1073 1140 ‚
1096 1067 1161 1146 Quo
1172 1091 1222 1132 tm·

112 1187 166 1250 que
180 1165 304 1228 taudem
319 1163 440 1226 obruere
447 1211 457 1242 ‚
466 1169 612 1225 testetur
625 1159 809 1226 Diomedes
824 1182 855 1247 p.
864 1162 925 1225 447
936 1210 942 1225 .
959 1169 993 1226 et
1003 1162 1121 1228 Velius
1132 1165 1221 1228 Lon·

112 1282 171 1347 gus
192 1285 225 1348 p.
237 1259 320 1326 2238
342 1261 513 1326 Nonnulli
533 1258 1002 1346 inquitsyncloepltusquoque
1022 1263 1223 1328 observandus
1312 1267 1316 1276 '

112 1363 193 1424 circu
205 1360 296 1423 telem
304 1361 498 1443 scriptionem
508 1359 754 1422 existimauermrt
762 1356 858 1442 (sicud
875 1357 1001 1421 Verrius
1014 1357 1046 1422 F
1041 1359 1156 1444 loccue)
1174 1373 1222 1440 ct,

110 1457 290 1544 cultoremque
298 1459 406 1542 primu
424 1479 483 1520 uox
496 1480 527 1519 m
540 1457 641 1521 littero
653 1456 823 1545 finiretur,
844 1477 969 1541 sequens
989 1481 1010 1519 u
1028 1458 1127 1521 vocali
1147 1460 1222 1522 inci·

105 1566 215 1639 peret,
232 1579 256 1618 u
271 1578 331 1618 rwu
345 1566 405 1618 totu
418 1555 473 1617 sed
480 1577 559 1639 pure
572 1556 655 1618 illitu
666 1556 757 1639 prior
771 1564 887 1617 tuntum
900 1554 1082 1618 scriberetur
1096 1603 1103 1632 ‚
1119 1567 1153 1619 ut
1167 1581 1222 1643 cp·

108 1665 233 1738 pareret
251 1653 382 1738 exprimi
396 1676 456 1717 recu
476 1653 602 1717 delere.
628 1652 689 1716 sed
705 1651 930 1732 Quintilianus
946 1675 990 1726 rx,
1000 1652 1028 1727 4,
1037 1653 1078 1716 40
1094 1656 1223 1719 etiamsi

109 1753 269 1829 emititur,
284 1762 384 1814 teineu
393 1773 510 1835 purum
524 1751 706 1836 exprimitur
719 1797 727 1828 ,
751 1751 827 1814 adeo
841 1761 874 1812 ut
880 1772 983 1834 pnme
997 1753 1156 1816 cuiusdam
1168 1777 1222 1818 uo·

110 1871 164 1912 oce
179 1850 297 1913 litterae
310 1871 419 1912 sonum
438 1849 548 1912 reddat
559 1873 569 1909 :
587 1871 684 1934 neque
704 1849 783 1910 euim
804 1848 965 1926 eximitur,
979 1849 1033 1911 sed
1045 1850 1222 1914 obsecratur

111 1957 138 2009 et
150 1957 267 2028 tuntum
281 1948 388 2032 aliqum
402 1947 481 2010 iuter
495 1947 573 2010 decus
587 1947 703 2010 uocales
715 1955 787 2010 uota
802 1955 858 2019 est,
872 1968 911 2008 ue
924 1947 1009 2030 ium
1022 1957 1129 2011 cotnnt
1136 1996 1142 2010 .

194 2044 265 2108 098.
288 2066 475 2108 rorum
497 2065 569 2107 nsr
591 2093 599 2106 .
623 2044 790 2107 Ansere
813 2049 988 2106 corrector
1009 2043 1167 2126 quadrati
1188 2053 1223 2110 et

111 2143 233 2206 ceteri.
599 2151 604 2160 ’

196 2239 286 2303 1000.
308 2259 413 2313 ouon
430 2259 572 2300 missus
587 2259 636 2300 nx
651 2258 855 2300 seruulus
871 2231 963 2300 orius
983 2283 990 2299 .
1014 2237 1117 2322 Apud
1137 2239 1222 2304 Lao·

108 2337 252 2400 tuntium
273 2335 377 2397 instit.
392 2355 451 2406 vn,
464 2332 535 2407 12,
520 2357 539 2398 u
558 2335 642 2398 Cedit
658 2335 740 2397 idem
758 2334 986 2398 retro-—In
1007 2346 1147 2400 terrum:
1170 2339 1225 2402 sed
1343 2369 1347 2372 ·

108 2435 461 2520 quodnissuuusr.

197 2529 285 2594 1001.
308 2549 521 2593 euterun.
544 2529 645 2614 Apud
659 2528 873 2594 Lactantium
890 2530 930 2594 ld
940 2551 1047 2594 rurum
1062 2535 1139 2597 caelu
1135 2534 1222 2620 'setl-

105 2629 210 2714 qeutio
224 2628 336 2713 templo
349 2638 519 2712 receptant.

195 2723 717 2789 1002eNucsic1ursnun1r
739 2745 913 2788 moneor
935 2745 1005 2790 uus
1028 2748 1220 2792 neronis.

108 2822 274 2887 Marullus
287 2845 369 2886 mors
383 2844 474 2896 nus,
490 2844 538 2884 ur
552 2819 712 2885 muteriui.

187 2920 284 3002 1004.
305 2920 407 2983 lune
433 2941 547 2984 Aous
577 2941 703 2982 mun
732 2939 961 2982 cormunis
988 2942 1035 2982 ur
1057 2943 1221 2988 errrore

109 3040 242 3082 onnes
264 3016 343 3080 Rus
366 3039 432 3080 1rn
455 3037 725 3079 convertetur
748 3036 923 3078 ronuus.
946 3014 1065 3098 Neque
1087 3031 1120 3080 ut
1141 3041 1220 3084 oon-

108 3117 236 3180 iunotio
248 3115 368 3178 abesse
378 3123 495 3198 potest
505 3161 513 3188 ‚
524 3133 635 3197 neque
646 3136 728 3176 more
739 3133 780 3176 ea
792 3131 879 3195 quoe
890 3115 1031 3196 peremit
1042 3117 1221 3184 restituere
1236 3161 1242 3170 ·

108 3213 176 3276 dici
191 3217 308 3298 potest
322 3211 385 3274 nisi
399 3231 462 3295 per
477 3210 618 3274 technas
634 3209 677 3273 ub
691 3209 759 3273 hoo
770 3213 874 3294 poete
885 3208 1028 3285 alienam
1043 3213 1100 3295 qui
1115 3216 1221 3303 serip-

107 3312 194 3375 sisse
210 3307 400 3374 censendus
416 3316 469 3372 est
483 3309 560 3372 lude
574 3309 644 3372 aliie
659 3309 746 3372 uliud
760 3318 1072 3384 eorumeorurn,
1095 3333 1141 3376 ur
1157 3335 1221 3378 rir

104 3430 156 3474 uu
172 3429 292 3473 omues.
343 3469 346 3478 ,

194 3503 285 3568 1007.
306 3524 441 3566 ennon
463 3526 692 3567 munorum
714 3525 864 3567 neuun.
880 3503 920 3567 ln
933 3503 1019 3570 libro
1034 3507 1143 3590 primo
1158 3509 1220 3576 817

108 3601 169 3667 008
183 3623 322 3666 runnu
334 3602 524 3686 priueordiu,
536 3602 650 3686 itaque
664 3601 721 3666 hio
734 3603 918 3666 Aventius.

194 3698 285 3764 1010.
300 3695 414 3762 Neve
436 3720 560 3762 rurus
577 3719 774 3764 nuruum
795 3721 922 3764 enuus
937 3722 1136 3766 uusrnnuu
1153 3728 1220 3769 ro·

110 3819 232 3864 russie
257 3793 622 3870 consumemur,
651 3819 757 3874 ouon
779 3821 822 3860 ru
844 3817 994 3861 sunum
1016 3819 1220 3866 suumne

109 3914 290 3958 vionuus
304 3890 439 3956 Runus
456 3941 462 3956 .
478 3891 574 3957 Haeo
590 3914 710 3958 novere
726 3892 887 3960 debemus
903 3913 945 3958 ne
961 3892 1005 3957 de
1018 3894 1120 3960 idolis
1134 3902 1220 3966 eooi-

109 3991 263 4075 ptumus,
287 4011 429 4076 quorum
452 3991 578 4056 mentio
599 3991 756 4056 huonon
776 3981 942 4076 pertinet,
963 3990 1026 4056 sed
1040 3993 1085 4058 ud
1100 3995 1221 4062 librum

110 4099 287 4173 quartum.
303 4095 406 4174 poeta
417 4097 549 4156 atomos
559 4097 763 4176 negatpenee
774 4100 899 4154 ceterum
909 4094 945 4152 et
954 4089 1154 4158 immortalia
1168 4117 1221 4160 re-

110 4186 221 4250 sidere
230 4205 350 4271 posse:
363 4186 488 4251 debere
498 4187 584 4251 enim
593 4188 806 4271 omuiuperire
815 4185 893 4270 (hoo
903 4193 954 4250 est
963 4187 1106 4256 inversu
1120 4193 1221 4276 1139),

110 4282 203 4367 quod
204 4284 308 4373 fluere
320 4295 413 4370 utque
427 4286 565 4350 recedere
577 4308 708 4371 corpora
722 4285 811 4349 rebus
826 4285 927 4350 Multa
944 4295 1078 4354 constet
1093 4339 1101 4363 ‚
1117 4297 1156 4354 ut
1171 4289 1221 4354 di-

109 4380 156 4442 cit
170 4401 274 4445 versu
291 4381 389 4454 1123,
406 4392 439 4446 et
454 4381 558 4448 multo
574 4382 757 4447 accedere.
773 4404 853 4468 ergo
868 4383 925 4448 illo
939 4386 1044 4450 multu
1058 4407 1220 4470 corporo,

110 4499 196 4562 quae
218 4477 385 4542 recedunt
406 4482 508 4547 rebus
532 4489 565 4544 et
587 4480 907 4572 acoedunt‚fluiture
929 4492 1022 4547 recte
1045 4485 1221 4560 dicuntur,

983 4583 1002 4644 9
1013 4584 1024 4608 .
