2970 5268
103 662 131 718 et
143 653 200 717 iam
215 657 326 717 cetera
340 649 383 715 de
398 671 522 736 genere
536 650 603 715 hoc
618 671 703 734 quae
719 672 860 735 cumque
875 659 1049 727 secuntur,

103 789 154 831 cur
165 787 202 830 ea
217 773 313 842 sunt,
324 767 387 830 nisi
402 763 495 851 quod
509 785 647 829 vemens
660 765 819 829 violentia
832 767 899 830 vini

103 882 290 946 conturbare
305 881 444 945 animam
460 884 635 944 consuevit
650 899 791 964 corpore
805 881 839 944 in
853 882 951 966 ipso?

102 1007 222 1082 atquae
237 1017 379 1081 cumque
395 1001 522 1080 queunt
536 994 728 1059 conturbari
741 994 843 1079 inque
857 995 981 1081 pediu,

46 1129 83 1173 aa
102 1111 289 1196 significant,
299 1109 400 1195 paulo
416 1110 444 1174 si
459 1108 575 1173 durior
589 1108 764 1172 insinuarit

102 1248 204 1302 causa,
215 1225 289 1289 fore
303 1231 341 1288 ut
354 1231 495 1308 pereant
508 1245 591 1288 aevo
606 1222 738 1315 privata
751 1221 880 1288 futuro.

97 1344 164 1426 quin
179 1341 273 1405 etiam
289 1339 401 1403 subito
416 1338 450 1402 vi
464 1337 571 1401 morbi
585 1359 686 1423 saepe
702 1345 839 1401 coaetus

102 1464 168 1519 ante
181 1455 296 1520 oculos
311 1453 431 1538 aliquis
445 1461 599 1526 nostros,
611 1460 648 1516 ut
661 1451 805 1516 fulminis
819 1453 901 1526 ictu,

101 1569 236 1634 concidit
250 1577 285 1634 et
299 1588 434 1653 spumas
449 1567 534 1653 agit,
544 1566 681 1652 ingemit
695 1575 729 1631 et
743 1568 855 1631 tremit
869 1578 975 1640 artus,

45 1701 80 1747 luc
99 1683 225 1769 desipit,
237 1689 390 1747 extentat
402 1703 542 1755 nervos,
554 1689 747 1766 torquetur,
758 1681 893 1748 anhelat

98 1800 334 1870 inconstanter,
346 1805 379 1860 et
392 1797 423 1860 in
437 1795 594 1861 iactando
609 1798 757 1861 membra
769 1796 901 1882 fatigat.

98 1915 128 1976 ni
142 1913 251 1976 mirum
261 1961 269 1988 ,
281 1912 360 1997 quia
373 1912 424 1974 vis
438 1912 546 1976 morbi
561 1909 724 1976 distracta
737 1933 797 1998 per
812 1921 905 1976 artus

96 2027 218 2101 turbat,
229 2047 331 2112 agens
346 2027 487 2090 animam
502 2034 650 2111 spumet,
664 2026 758 2112 quasi
772 2027 806 2089 in
821 2047 969 2111 aequore
984 2031 1073 2094 salso

96 2149 263 2205 ventorum
276 2137 396 2204 validis
410 2139 604 2204 fervescunt
618 2141 744 2205 viribus
759 2140 886 2205 undae.

44 2271 78 2317 495
96 2255 283 2341 exprimitur
296 2275 399 2340 porro
414 2255 573 2340 gemitus,
585 2256 663 2340 quia
676 2257 823 2320 membre
837 2255 954 2322 dolore

96 2368 304 2444 adficiuntur,
316 2377 351 2433 et
364 2369 497 2433 omnino
513 2367 606 2453 quod
621 2369 746 2432 semina
759 2370 852 2434 vocis

97 2485 250 2549 eiciuntur
265 2490 299 2546 et
313 2505 371 2548 ore
384 2483 477 2548 foras
491 2483 674 2569 glomerata
687 2483 840 2547 feruntur

98 2620 157 2684 qua
171 2596 266 2684 quasi
280 2607 484 2662 consuerunt
498 2607 532 2662 et
546 2605 626 2662 sunt
639 2598 765 2662 munita
778 2599 859 2662 viai:

98 2711 287 2800 desipientia
300 2712 353 2788 fit,
365 2713 444 2796 quia
456 2713 508 2777 vis
523 2713 620 2777 animi
635 2719 736 2798 atque
751 2713 867 2777 animan

48 2844 81 2888 acc
99 2829 310 2892 conturbatur
325 2833 375 2902 et,
386 2835 424 2892 ut
435 2826 550 2904 docui,
562 2827 669 2891 divisa
683 2847 833 2890 seorsum

99 2940 283 3006 disiectatur
298 2939 418 3005 eodem
430 2941 486 3006 illo
502 2941 665 3005 distracta
679 2961 825 3004 veneno.

97 3055 166 3120 inde
181 3057 239 3120 ubi
252 3056 315 3120 iam
331 3057 437 3120 morbi
451 3055 581 3120 reflexit
595 3074 713 3128 causa,
727 3052 881 3139 reditque

97 3170 124 3234 in
137 3171 283 3235 latebras
298 3192 375 3234 acer
390 3169 540 3254 corrupti
556 3168 708 3253 corporis
723 3189 833 3244 umor,

97 3293 156 3348 tum
173 3285 270 3370 quasi
284 3285 463 3350 vaccillans
478 3283 618 3368 primum
633 3281 806 3368 consurgit
820 3291 853 3346 et
867 3284 972 3346 omnis

49 3410 80 3455 aa
97 3400 244 3482 paulatim
259 3397 347 3462 redit
359 3399 393 3463 in
408 3420 526 3463 sensus
541 3397 748 3481 animamque
761 3404 931 3481 receptat.
959 3409 963 3417 '

98 3509 171 3578 haec
183 3513 287 3600 igitur
299 3514 402 3578 tantis
415 3513 473 3577 ubi
486 3513 612 3578 morbis
627 3532 769 3597 corpore
783 3511 817 3574 in
831 3511 906 3595 ipso

97 3625 253 3692 iactentur
267 3627 462 3712 miserisque
476 3625 584 3691 modis
600 3625 762 3692 distracta
776 3625 945 3700 laborent,

98 3761 148 3804 cur
161 3739 278 3806 eadem
294 3739 404 3806 credis
419 3741 490 3806 sine
504 3762 646 3826 corpore
659 3742 693 3804 in
709 3746 785 3804 acre
800 3749 918 3827 aperto

98 3873 162 3919 cum
176 3854 296 3940 validis
310 3857 419 3920 ventis
433 3863 576 3920 aetatem
592 3852 714 3941 degere
729 3855 854 3939 posse?

49 3973 81 4022 ⁵10
98 3975 125 4030 et
137 3971 290 4054 quoniam
304 3977 446 4034 mentem
461 3970 589 4046 sanari,
601 3990 723 4053 corpus
737 3977 776 4031 ut
790 3989 939 4052 aegrum,

102 4086 256 4149 cernimus
271 4091 306 4148 et
319 4083 408 4150 lleeti
422 4083 586 4148 medicina
599 4103 701 4168 posse
715 4080 882 4158 videmus,

99 4193 127 4257 id
141 4219 273 4284 quoque
287 4199 457 4284 praesagit
470 4198 642 4263 mortalem
656 4196 770 4260 vivere
783 4202 939 4260 mentem.

101 4443 142 4489 482
160 4440 247 4496 Carbo
265 4443 276 4513 ll
294 4449 343 4496 492
362 4461 414 4514 qua
432 4443 441 4512 ll
460 4449 509 4496 493
528 4459 654 4514 spumans
673 4442 699 4494 ln
717 4441 727 4510 ll
746 4448 795 4494 497
813 4441 962 4496 Eliciuntur
