3034 5198
283 485 329 552 94
822 479 853 550 ll

366 655 706 732 363.sucirauoun
723 677 934 720 nvnsrsan
951 653 1186 720 cunachc
1197 656 1403 722 Macrobius

283 756 479 829 confirmat,
502 753 731 820 Wakefieldus
752 755 802 819 ita
823 761 939 820 tuetur
959 764 998 818 ut
1019 753 1113 820 dicat
1133 755 1263 820 ειιὺίιαπι
1285 779 1403 820 meam

283 873 358 919 esse
370 847 420 917 ‘id
436 873 556 930 curae,
571 852 747 939 quodcum
760 854 852 917 subiit
859 851 991 917 .'·nihilo
1002 853 1112 916 miuus
1124 853 1310 918 scribemus
1325 875 1372 918 so
1384 887 1401 902 ·

284 973 489 1028 urrnmoun
506 963 640 1016 aoerme
654 973 778 1016 curam

366 1049 436 1114 368.
458 1071 641 1127 AGMQUE
664 1069 838 1112 aarum
860 1048 1090 1113 Bnuanruu
1111 1071 1311 1113 reconna.
1337 1047 1400 1114 Sic

283 1148 450 1233 oblongus
465 1155 500 1212 et
513 1147 681 1221 schedae,
696 1148 775 1210 item
791 1145 977 1210 Briaiensis
992 1145 1097 1210 editio
1115 1169 1123 1210 ε
1147 1147 1296 1210 Baletum
1310 1167 1399 1232 qua-

283 1246 401 1312 dratus
416 1291 424 1320 ‚
439 1245 607 1310 Antonius
624 1245 748 1320 Marii,
767 1244 984 1310 Veronenses
999 1291 1006 1308 .
1021 1243 1089 1309 hoc
1108 1243 1256 1310 admisso
1276 1244 1336 1310 liet
1356 1255 1401 1310 ut

281 1353 408 1410 matres
429 1342 519 1408 fctus
540 1365 621 1410 suos
642 1344 779 1408 novisse
800 1342 984 1407 dicantur:
1010 1341 1072 1406 scd
1094 1341 1131 1407 id
1151 1349 1255 1428 poeta
1268 1344 1400 1430 agebat

281 1447 393 1532 priore
407 1463 532 1507 vaccae
547 1443 702 1527 exemplo
721 1489 729 1518 ,
751 1463 861 1528 neque
884 1463 924 1506 co
945 1441 1119 1526 pertinent
1138 1463 1225 1527 quae
1239 1441 1398 1506 subiecta

281 1551 377 1618 sunt,
388 1543 442 1606 Ad
452 1563 511 1604 atto
524 1541 729 1627 quisquefere
743 1542 909 1605 demumr
921 1541 1016 1604 ubero
1030 1541 1132 1604 boos.
1147 1537 1344 1606 Macrobius
1359 1541 1397 1603 in

282 1638 500 1713 Saturn.v1,5
516 1647 550 1702 et
563 1635 685 1702 Festus
699 1659 732 1723 p.
741 1637 856 1713 206,7,
869 1639 926 1723 qui
941 1637 1111 1725 prioribus
1126 1645 1396 1724 utuntur‚prae-

281 1739 473 1804 termittunt
487 1736 656 1800 Bclcmum
670 1737 804 1822 pecuedes
820 1785 827 1798 .
847 1736 1043 1801 Macrobius
1064 1737 1199 1801 emate
1219 1738 1253 1800 in
1273 1737 1397 1802 occidas

235 1875 241 1882 ·
282 1845 317 1902 ct
336 1833 527 1921 Comiseras.

365 1932 435 1998 371.
451 1931 672 1995 Posrnnuo
689 1953 1394 2007 Qucnvnsracunsruuuourauns

281 2027 617 2108 orsur‚Qu1ooun
633 2051 707 2093 suo
724 2051 1278 2105 orrnan,1urnasns1u1an
1293 2053 1392 2096 essa

280 2125 671 2206 vronsrs.Quedratus
681 2127 885 2190 Postremum.
897 2149 1079 2203 Quoovrs
1089 2125 1165 2191 Itali
1177 2139 1212 2192 et
1221 2129 1393 2214 impressi.

280 2229 342 2294 sed
355 2228 441 2292 haec
455 2246 525 2288 nou
538 2223 639 2288 video
655 2223 826 2309 quomodo
848 2225 1004 2312 coniungi
1025 2226 1159 2311 possint
1176 2273 1184 2298 ‚
1198 2226 1393 2313 frumentum

279 2328 404 2414 quodvis
413 2347 467 2388 meo
478 2325 608 2410 quicque
621 2323 730 2407 (sive,
742 2331 781 2387 ut
795 2321 870 2386 Itali
880 2371 887 2397 ,
899 2324 1059 2410 quodque)
1071 2345 1180 2408 penore
1188 2351 1199 2388 .·
1209 2324 1293 2388 nihil
1303 2326 1393 2390 enim

280 2425 440 2490 differunt
454 2421 496 2486 ab
511 2421 552 2484 iis
567 2441 654 2505 quae
667 2418 860 2485 Ciceronem
877 2419 920 2483 de
937 2421 1059 2485 finibus
1070 2443 1100 2496 v,
1109 2421 1151 2486 46
1166 2423 1315 2488 scribere
1327 2445 1391 2508 po-

279 2523 385 2588 tuisse
400 2518 577 2583 Madvicus
592 2525 685 2581 recte
699 2526 821 2603 negat,
836 2520 978 2605 mdusqtoe
986 2520 1088 2604 portis
1100 2543 1158 2582 saca
1171 2521 1316 2608 cuiusque
1328 2525 1391 2586 oie.

279 2623 394 2705 itaque
409 2637 508 2702 quem
529 2613 710 2678 admodum
727 2614 845 2679 Cicero
868 2615 1005 2700 scripsit
1023 2639 1082 2680 eaeo
1101 2641 1238 2706 praceqce
1257 2621 1319 2698 cie,
1332 2621 1391 2686 hic

281 2735 417 2804 quoque
431 2711 644 2777 scribendum
661 2719 745 2797 puto
764 2714 890 2800 thqee
903 2714 975 2790 vel,
987 2714 1082 2798 quod
1099 2715 1188 2780 idem
1205 2725 1276 2792 est,
1291 2718 1389 2799 Qui·

280 2837 355 2892 coa
369 2835 424 2876 eoo
436 2833 561 2898 poam.
572 2809 621 2875 ita
630 2809 742 2874 Varro
756 2832 869 2876 rerum
882 2813 1084 2877 rusticarum
1099 2836 1120 2888 1,
1129 2814 1187 2889 7‚2
1201 2818 1285 2902 quod
1296 2839 1388 2904 puce-

279 2933 407 3000 mmqroe
421 2909 508 2992 (libri
522 2909 670 2996 preceque)
684 2931 739 2972 cuo
753 2931 872 2996 quoque
886 2911 952 2974 leco
966 2913 1162 2997 campanica,
1174 2935 1211 2976 ec
1220 2915 1321 2977 mimo
1330 2915 1390 2980 loci

278 3017 443 3095 occuparet,
453 3027 522 3071 non
533 3027 803 3094 quceoecmqreesuo
814 3028 967 3093 quaequae,
978 3028 1088 3093 neque
1104 3011 1153 3073 arei
1168 3011 1277 3097 mique
1291 3035 1389 3077 mores

278 3107 449 3174 maiheu
462 3103 543 3170 ferri
558 3111 674 3188 potest
686 3104 722 3167 io
735 3124 837 3168 versu
851 3106 984 3168 senario
1001 3127 1068 3190 quo
1081 3105 1257 3172 Cornelius
1271 3107 1388 3195 Nepos

278 3207 383 3270 utitur
395 3205 430 3267 in
441 3202 556 3267 Attico
575 3201 622 3274 11,
631 3199 669 3274 6,
680 3200 742 3264 scd
757 3200 861 3266 debet
875 3221 950 3265 esse
965 3201 1024 3266 Sci
1037 3207 1150 3292 quique
1162 3207 1390 3296 moresfinpusu

269 3305 434 3393 sormacm
452 3299 621 3362 homicidae
640 3347 647 3362 .
672 3297 766 3382 quod
784 3300 873 3363 inter
887 3303 1073 3366 sententias
1087 3301 1124 3366 P.
1140 3303 1220 3389 Syri
1233 3303 1295 3369 268
1310 3327 1387 3370 auc·

278 3408 353 3466 tore
367 3396 448 3462 milu'
462 3396 634 3481 incognito
648 3397 698 3458 ita
711 3395 873 3480 scriptum
885 3397 1038 3462 exhibuit
1047 3399 1191 3465 Bothius
1199 3449 1209 3480 ,
1221 3401 1388 3468 Fortunam

278 3499 387 3584 culpae
398 3516 498 3558 mores
512 3493 685 3582 constrepunt
695 3495 745 3557 sci
752 3494 805 3556 :in
818 3493 989 3560 Ciceronis
1000 3496 1182 3582 paradoxis
1194 3497 1234 3563 35
1242 3492 1387 3584 ‘sapiens

278 3592 388 3680 polita'
403 3589 476 3654 Suis
488 3591 620 3680 finqilur
632 3589 764 3677 sorlmtc
786 3593 893 3678 culpate
914 3595 1048 3659 icombus
1056 3621 1067 3658 :
1077 3595 1208 3660 Nonius
1224 3617 1257 3680 p.
1268 3595 1338 3672 526,
1347 3598 1387 3664 24

154 3679 157 3687 ¹
279 3691 337 3756 Sui
358 3691 466 3776 casipate
486 3709 586 3752 mores
597 3689 748 3776 finpum.
772 3691 903 3766 mimico
925 3693 1039 3756 versui
1060 3693 1260 3780 elegantiam
1280 3697 1387 3782 magis

279 3808 379 3874 quam
398 3779 539 3872 ‘pingue
559 3787 722 3851 orationis
744 3788 866 3874 genus'
890 3791 1069 3854 convenire
1085 3789 1227 3857 Carolus
1241 3791 1386 3878 Nipper-

279 3885 375 3950 dcius
390 3883 578 3950 concedere
593 3883 758 3959 debebat,
769 3884 833 3950 nisi
847 3885 963 3961 fallor,
980 3889 1037 3973 qui
1052 3897 1171 3954 contre
1185 3893 1386 3956 sententiam

277 4003 385 4048 meam
400 3989 436 4046 et
445 3980 528 4047 Alfr.
539 3981 757 4048 Fleckeisenii
771 3986 1006 4068 pronuntiavit
1019 3988 1210 4072 nuperrime
1224 3990 1259 4053 in
1273 3989 1386 4055 libello

279 4101 378 4172 quem
393 4079 437 4144 de
452 4079 608 4144 Cornelio
623 4080 758 4166 Nepote
772 4081 854 4146 fecit
864 4103 896 4167 p.
908 4083 965 4148 78:
977 4105 1087 4170 neque
1102 4086 1188 4150 enim
1201 4088 1385 4171 reprehen-

278 4177 403 4242 dissem
417 4197 552 4240 versum
567 4177 634 4243 hoc
648 4178 750 4244 modo
766 4181 927 4266 scriptum
937 4227 945 4255 ‚
956 4181 1127 4248 For-tamam
1140 4185 1310 4249 lomirdbto
1322 4209 1385 4250 mo

276 4299 325 4339 ree
347 4277 454 4362 cecique
476 4275 550 4340 dant
566 4278 614 4340 eoi
632 4326 638 4340 .
659 4277 694 4341 in
709 4275 850 4363 Vergilii
870 4277 987 4365 ecloga
1000 4281 1111 4356 v11‚54
1129 4281 1207 4347 libri
1221 4303 1338 4347 omues
1353 4289 1385 4348 et

276 4370 408 4436 Nonius
430 4393 462 4456 p.
477 4370 539 4436 326
568 4379 603 4437 et
624 4373 685 4438 389
714 4375 819 4439 strata
844 4377 945 4440 iaceret
957 4381 1077 4463 purtim
1096 4403 1154 4444 area
1174 4403 1312 4467 perceptae
1331 4380 1385 4444 aad

275 4470 487 4554 arborepoma
497 4519 503 4532 .
515 4467 633 4535 Cicero
646 4469 689 4534 de
700 4479 837 4535 oratore
848 4471 935 4538 libro
948 4474 1064 4548 111‚216
1074 4475 1159 4563 (coc)
1170 4479 1384 4562 aarum,
