3034 5198
257 495 304 564 60
801 493 818 562 Ι

195 745 198 752 ,
256 667 330 734 Ηοο
351 687 470 732 versus
485 667 649 732 Marullus
670 665 814 732 delevit:
836 669 987 734 restituit
1008 667 1150 732 alterum
1164 669 1370 746 Lambinus,

255 767 291 830 in
306 787 373 851 quo
389 765 526 850 scripsit
540 785 614 830 cum
628 763 723 830 Italis
737 768 916 830 exoriuntur
926 815 934 830 .
946 765 1026 830 mibi
1037 773 1180 852 uterque
1191 776 1306 832 rectus
1316 769 1371 832 vi·

257 863 357 928 detur
373 909 381 938 ‚
404 863 433 928 si
446 861 581 948 paulum
595 861 796 927 adiuventur
815 910 823 938 ‚
845 863 913 928 hoc
926 863 1029 928 modo
1050 911 1058 929 .
1081 865 1271 940 Praetereo,
1291 887 1372 930 cum

255 961 332 1046 ipsa
345 983 388 1025 ex
402 961 596 1048 alienigenis
612 967 769 1024 constent
783 1010 791 1036 ‚
808 959 894 1026 tellru
911 985 992 1049 quus
1007 983 1138 1047 corpora
1151 985 1278 1050 memque
1292 965 1370 1041 alit,

257 1070 347 1144 urrqet
366 1059 483 1124 eadem
504 1057 603 1124 nullis
623 1057 697 1122 aliis
711 1059 795 1124 cibis
810 1065 845 1123 et
859 1059 1023 1124 alimentis
1038 1059 1102 1122 nisi
1117 1079 1204 1145 quae
1218 1067 1299 1124 sunt
1312 1061 1371 1125 Ec

158 1177 161 1184 ·
256 1157 1080 1244 clientqeeris,quneipsaan1ns1ons1soriamur.

337 1253 408 1320 882.
429 1255 1170 1320 Rososscunrssaxrrnanouurus.
1190 1252 1369 1319 seleon

256 1373 398 1416 narrnr
414 1375 457 1416 nn
469 1351 1367 1438 camnnnnnssrrus.ltalietimpressinsnmus.

256 1469 298 1513 ex
306 1457 562 1534 utroqueversu
571 1473 611 1514 11«
620 1450 906 1535 praepositionem
919 1449 1055 1514 sustulit
1065 1450 1246 1524 Marullus,
1255 1457 1369 1524 recte,

254 1553 294 1610 ut
307 1555 409 1632 putu,
419 1547 486 1611 'etsi
502 1567 563 1610 cur
578 1547 697 1611 addita
711 1549 838 1612 sitnon
853 1547 1029 1634 intellego.
1332 1549 1335 1554 '

338 1643 566 1708 secacum
578 1665 739 1722 Quoque
752 1666 875 1708 saara
888 1644 1367 1709 nncssanMarullusnsa·

256 1761 345 1816 aas,
357 1745 465 1814 recte,
477 1741 556 1825 quia
570 1741 723 1826 sequitur
737 1743 780 1807 ab
797 1739 915 1806 eodem
931 1742 1054 1806 decebat
1067 1760 1266 1828 suspensum
1282 1740 1367 1805 Her-

255 1839 363 1902 bunun
375 1861 491 1922 qeeaeru
504 1849 533 1902 ei
536 1838 648 1925 fmqes
653 1839 842 1927 frondesque
851 1889 858 1903 .

337 1934 408 2000 886.
423 1933 476 1998 Er
490 1957 819 2001 canrcnsnuuors
833 1958 1008 2002 curras.
1024 1937 1138 2001 Dedoce
1148 1935 1315 2020 oblongus
1330 1942 1368 1998 et

254 2033 439 2107 Antonius,
449 2053 519 2097 non
526 2033 1040 2121 impressi.narrorsrlntonius
1050 2033 1273 2098 etMarullus.
1285 2053 1366 2096 mox

253 2133 410 2218 simileque
424 2131 612 2216 quadratus
627 2139 662 2198 et
678 2131 827 2198 schedae
844 2157 851 2198 :
871 2131 1030 2218 quadrati
1045 2139 1219 2197 corrector
1238 2132 1365 2195 similes-

255 2251 329 2318 que.
340 2229 375 2293 in
390 2251 490 2296 versu
505 2231 659 2316 proximo
674 2232 762 2318 quali
772 2230 961 2316 quadratus
972 2240 1007 2295 et
1017 2228 1181 2304 schedae,
1193 2231 1293 2317 qualis
1304 2229 1365 2293 ob·

150 2355 153 2360 ·
255 2327 691 2415 longus‚quoleecorrector
703 2328 842 2415 oblongi
853 2337 888 2394 et
899 2351 973 2393 cum
982 2328 1076 2392 Italis
1086 2327 1364 2413 impressi.Lam·

255 2427 355 2492 binus
363 2428 611 2513 loniqeruequuli
620 2439 691 2492 ermt
699 2429 795 2492 ubera
802 2429 901 2508 loccis,
911 2427 1052 2512 optime:
1063 2426 1125 2490 sed
1134 2425 1215 2492 mihi
1223 2425 1364 2490 alterum

255 2525 339 2588 satis
350 2523 819 2610 placet‚dulcesquttosmit1ere
826 2525 911 2590 tale
920 2526 1008 2612 quali
1014 2536 1156 2589 comum
1163 2525 1250 2589 ecem
1257 2523 1362 2587 ubere.

339 2619 409 2684 890.
431 2620 688 2686 Drsrnsrrna
710 2645 751 2687 ne
773 2645 939 2688 raanan
961 2645 1170 2687 sarrrans
1193 2643 1363 2686 umore.

255 2715 357 2781 Hunc
370 2737 506 2782 versum
520 2739 595 2784 cum
607 2721 762 2805 proximo
778 2722 938 2786 omittunt
949 2721 1136 2807 quadratus
1152 2728 1187 2784 ct
1200 2718 1362 2784 schedae.

254 2813 332 2879 Itali
354 2821 389 2878 et
409 2815 564 2902 impressi
585 2820 819 2883 aetermam:
840 2819 1021 2894 Marullus,
1043 2819 1072 2882 si
1087 2817 1240 2884 Candido
1262 2817 1362 2891 fides,

256 2913 426 2998 Drepmlito
440 2937 502 2978 esse
516 2937 554 2979 uc
567 2917 600 2978 iu
622 2918 710 2980 mnis
725 2942 736 2979 .·
753 2915 944 3004 Naugerius
958 2917 1128 3002 Drepsa-tito
1149 2939 1187 2981 uc
1205 2918 1238 2980 ia
1258 2917 1362 2988 uvat,

254 3011 437 3078 Lambinus
458 3023 547 3101 atque
563 3014 596 3076 iu
611 3015 699 3078 terrm
717 3061 725 3078 .
748 3014 834 3080 hacc
849 3016 906 3101 qui
922 3014 1150 3089 examinabit,
1168 3013 1300 3100 singula
1311 3014 1361 3076 in-

255 3108 394 3174 condita
409 3131 484 3175 esse
497 3111 687 3199 intelleget,
699 3113 860 3199 pleraque
875 3113 998 3178 vitiosa
1013 3162 1020 3176 .
1041 3111 1273 3177 Wakefieldus
1288 3132 1361 3176 cum

254 3209 323 3273 suis
346 3231 384 3273 uc
402 3210 436 3272 iu
457 3221 573 3274 mnam
592 3212 734 3290 luttere,
754 3212 884 3276 scilicet
903 3231 946 3276 ne
960 3211 1111 3295 priorum
1126 3211 1240 3295 aliquo
1254 3210 1362 3285 minus

254 3315 454 3393 peccarent.
473 3308 688 3392 perspicuum
703 3317 756 3373 est
770 3316 905 3396 poetam
920 3309 1098 3393 scripsisse
1116 3309 1282 3394 Dispertitu
1296 3331 1361 3371 rn-

253 3425 329 3467 rnre
343 3415 470 3466 mam.

336 3499 407 3564 893.
423 3521 609 3577 quonlam
623 3524 859 3568 nsnrsasra
875 3527 1025 3568 nocer.
1042 3505 1123 3568 llas
1138 3503 1272 3570 addidit
1287 3525 1361 3568 cor·

253 3605 368 3662 rector
382 3597 540 3681 quadrati
554 3605 589 3662 et
604 3600 724 3663 ceteri.
788 3635 791 3642 ·

335 3694 405 3760 900.
420 3695 560 3761 Dosse
576 3719 768 3762 stammas
784 3719 1019 3764 runssnuur
1035 3721 1162 3764 saone
1180 3719 1357 3763 coonro.

252 3795 415 3859 Marullus
430 3793 604 3862 verissime
618 3818 822 3861 resumas.

334 3893 404 3957 906.
421 3893 829 3961 Cosmcsusnvocoo
842 3917 999 3961 srnvas.
1013 3892 1361 3980 Correctorquadrati

252 3996 286 4053 ct
300 3991 404 4054 ceteri
419 3990 722 4058 Cossronnssn.

334 4086 403 4150 909.
427 4109 748 4155 oonrrncaurns
771 4140 779 4156 .
805 4091 995 4177 Naugerius
1017 4111 1359 4163 commanemus,

249 4192 288 4248 ut
306 4184 407 4269 paulo
428 4193 508 4250 ante
522 4207 623 4250 versu
636 4187 699 4253 818
715 4238 722 4252 .
739 4183 831 4253 ‘sed'
847 4187 1078 4252 Wakefieldus
1091 4187 1201 4272 inquit
1212 4182 1359 4252 ‘varian-

249 4282 331 4346 tium
345 4281 553 4366 loquelarum
567 4284 758 4350 iucunditns
771 4283 978 4368 lepidissimo
993 4290 1114 4369 potitae
1129 4283 1359 4350 concedatur.'

249 4379 340 4444 hunc
354 4380 503 4465 graviter
518 4381 644 4446 refutat
659 4383 841 4469 Forbiger‚
865 4403 939 4445 cum
955 4385 1038 4448 satis
1054 4391 1145 4448 esset
1160 4383 1301 4469 digitum
1315 4381 1357 4447 ud

247 4477 303 4542 illa
318 4484 441 4563 poeitae
455 4481 561 4546 verba
574 4479 760 4547 intendisse
770 4529 778 4556 ‚
786 4481 881 4568 poulo
895 4482 979 4568 quod
991 4482 1124 4546 dicimus
1138 4491 1222 4546 curte.
