3034 5198
674 489 704 558 ll
1197 487 1243 556 89

214 665 286 731 251.
308 677 417 729 noro
440 685 701 729 conscrrrur
722 683 871 727 curus.
892 661 968 726 itali
988 670 1022 726 et
1035 659 1246 726 Veronensis

132 764 401 831 editiouoros.

215 861 286 927 252.
306 861 363 925 Er
385 881 541 924 varens
556 879 909 923 rxonrrunnovus
925 877 1077 921 onornr
1094 877 1243 921 oraro.

131 959 209 1025 ltali
222 961 359 1025 eaor-itm
372 981 490 1043 seraper
502 979 596 1022 nomo
610 1005 620 1037 ‚
641 963 910 1041 quos'sccuntur
928 953 1083 1042 impressi
1099 1002 1107 1018 .
1126 952 1244 1018 melius

133 1065 186 1124 est
200 1056 246 1123 at
255 1068 353 1122 verm
367 1075 470 1120 axae
479 1073 528 1118 ro
544 1056 679 1119 exoritur
691 1077 786 1118 nome
797 1101 805 1116 .
817 1051 861 1118 ds
875 1052 1128 1139 praepositione
1141 1051 1244 1138 gemi-
1349 1117 1355 1132 ,

23 1223 28 1232 ,
132 1151 646 1236 natadixiinfinelibriprimi.

215 1251 446 1318 ate-304.
468 1249 552 1314 Neo
575 1266 1087 1314 nnonrnanoo--orrus
1108 1267 1242 1310 canen

133 1372 338 1416 1111111111.
353 1349 427 1415 Hos
442 1369 562 1414 versus
576 1371 624 1412 nn
643 1347 700 1412 hic
721 1347 881 1411 omittunt
896 1342 1083 1430 quadratus
1098 1351 1133 1408 et
1147 1343 1244 1408 sehe-

134 1449 218 1525 dae,
233 1446 296 1514 ssd
315 1447 402 1513 liber
422 1454 569 1533 uterquc
589 1446 695 1510 habet
715 1443 750 1509 in
768 1443 834 1508 fine
848 1442 1045 1517 voluminis,
1059 1449 1099 1508 ut
1113 1441 1184 1506 dixi
1199 1442 1244 1508 ad

133 1547 254 1612 librum
268 1569 289 1622 1,
297 1547 316 1609 7
318 1546 379 1610 34.
393 1546 524 1612 sedicet
537 1547 572 1612 in
585 1545 705 1611 codice
720 1544 908 1632 archetypo
922 1540 1009 1608 haec
1022 1542 1087 1608 fuit
1099 1543 1177 1610 libri
1191 1564 1244 1609 se·

134 1642 236 1709 cundi
246 1645 439 1709 membrana
450 1652 565 1708 sextat
576 1665 653 1708 nam
667 1643 801 1729 priores
817 1642 965 1727 quinque
977 1649 1158 1706 tenuerunt
1167 1663 1243 1708 ver-

133 1747 328 1826 suspectae
344 1765 430 1806 coru
447 1749 482 1806 et
496 1749 675 1829 praeterea
689 1739 914 1826 capitulorum
927 1760 1047 1804 versus
1062 1747 1190 1815 v111‚ut
1201 1761 1244 1804 ex

132 1839 254 1904 horum
268 1837 380 1904 indice
394 1847 538 1925 apparet
553 1889 559 1904 .
580 1861 660 1926 ergo
675 1838 775 1904 huius
789 1837 868 1903 libri
881 1837 1022 1902 secundi
1035 1838 1165 1904 initium
1179 1837 1245 1904 fuit

132 1939 168 2001 in
182 1938 306 2023 pagina
317 1944 429 2002 recta.

216 2035 287 2100 257.
302 2055 413 2098 sarrs
428 2055 582 2100 avorsa
597 2032 1242 2108 vonurrns,Pr-:rouaurnoon1·:·

102 2197 106 2206 ,
132 2128 1243 2207 nruunouonucrrounuounvonunrns.lnhisMarullum

131 2251 202 2294 non
215 2229 368 2294 haesisse
382 2228 502 2290 mirum
515 2233 568 2290 est
584 2248 591 2288 :
610 2225 792 2289 Lambinus
808 2245 884 2288 oum
896 2226 1076 2309 aohrptatem
1090 2232 1125 2290 ct
1139 2229 1243 2292 valau-

132 2339 224 2392 sarem
239 2331 480 2389 commutasset
499 2322 614 2409 (quod
633 2343 723 2387 nunc
738 2321 837 2386 video
858 2321 924 2385 iam
939 2328 1018 2385 ante
1034 2341 1108 2386 eum
1121 2322 1243 2390 fecisse

131 2424 350 2490 Franciscum
355 2419 522 2487 Medicam
532 2419 715 2484 aVictorio
723 2417 897 2483 laudatum
906 2417 951 2483 ad
959 2419 1123 2486 Varronis
1132 2443 1242 2488 rerum

131 2521 336 2586 rusticarum
351 2545 372 2596 1,
386 2520 431 2594 17,
441 2517 478 2603 6)
495 2565 503 2592 ‚
526 2525 659 2582 ceteros
674 2517 705 2581 ei
719 2515 885 2582 adsensos
900 2537 1058 2582 essenon
1072 2519 1169 2584 nimis
1184 2522 1243 2587 mi-

133 2641 192 2684 ror
207 2668 214 2683 .
229 2617 293 2684 sed
312 2617 496 2682 Lambinus
511 2663 519 2692 ‚
534 2615 598 2680 nisi
619 2615 857 2701 intempestive
877 2615 1083 2682 meminisset
1103 2617 1243 2706 Vergilii

135 2737 210 2781 esse
223 2716 316 2781 eadit
327 2740 385 2780 sara
398 2737 546 2802 quemque
559 2715 696 2799 voluptas
711 2761 720 2794 ,
739 2712 934 2800 intellegere
949 2722 1086 2801 poterat
1098 2718 1244 2804 oolrrptati

132 2815 169 2879 in
183 2821 304 2879 neutro
318 2815 467 2880 membro
483 2812 594 2878 locum
609 2833 685 2878 esse
702 2835 709 2876 :
736 2833 813 2876 nam
831 2813 952 2896 nequis
966 2814 1146 2880 volantatem
1159 2819 1242 2882 utri-

112 2933 200 2998 -que
219 2911 343 2978 inferat
362 2911 549 2977 verendum
570 2931 640 2976 non
662 2919 714 2976 est
734 2959 742 2974 .
765 2917 909 2996 apparet
930 2911 1146 2978 scribendum
1168 2937 1244 2980 ease

121 3013 205 3099 satis
219 3013 322 3077 accho
343 3031 553 3074 rorasrns
571 3033 579 3084 3
600 3008 695 3093 quod
714 3008 814 3094 plane
835 3007 1010 3072 confirmat
1029 3031 1150 3074 versus
1164 3011 1244 3090 286,

130 3111 212 3174 made
226 3108 454 3174 mecaenatis
466 3108 728 3192 innatapotestos.
1146 3133 1150 3142 ·

216 3205 288 3270 264.
309 3225 576 3268 rnonuurann
606 3224 768 3278 ouonuu
790 3201 868 3266 Vru
890 3223 1070 3266 currnsu
1093 3225 1172 3267 rau
1194 3228 1243 3270 nu

132 3325 283 3384 suerro
300 3299 637 3366 .ItalietBririensis
649 3299 952 3375 editionouoruu
968 3349 975 3364 .
992 3298 1243 3386 Noniusp.517‚

134 3403 173 3468 10
192 3402 303 3466 Omnes
316 3409 412 3464 artem
425 3402 518 3464 seddi
526 3411 638 3486 nepam
647 3399 797 3464 adverbiis
801 3399 1058 3484 praepositionem
1068 3399 1143 3464 addi
1153 3424 1242 3487 opor·

133 3512 194 3565 lere
202 3549 211 3579 ,
220 3501 275 3564 sed
289 3499 452 3564 auctoritas
464 3508 595 3562 veteram
606 3497 758 3582 praeponi
770 3497 851 3560 iudet
858 3545 865 3560 .
874 3494 994 3560 iisdem
1007 3496 1121 3561 verbis
1136 3497 1243 3584 (quod

132 3595 349 3662 memorabile
365 3603 436 3660 cat:
450 3615 527 3658 nam
543 3593 686 3659 eundem
706 3594 840 3678 utrique
861 3601 1037 3658 auctorem
1058 3597 1242 3682 agnoscas)

133 3695 301 3761 Maximus
315 3692 513 3758 Victorinus
527 3714 560 3777 p·
572 3692 649 3756 1951
666 3693 828 3758 Adaerbiis
842 3693 924 3758 adici
931 3693 1176 3778 praepositiones
1190 3717 1240 3758 rre-
1356 3743 1361 3754 .

131 3805 207 3878 pant
226 3815 328 3858 munes
347 3791 473 3856 achaici
491 3801 650 3876 oportere,
669 3791 805 3877 praa-mais
825 3791 1079 3866 remordemur
1097 3792 1145 3854 usi
1158 3803 1241 3855 suat.

135 3889 188 3954 his
209 3897 353 3975 uterque
375 3888 499 3958 subicit
519 3889 556 3952 de
576 3888 671 3952 sabito
694 3896 728 3952 ct
749 3889 786 3952 de
807 3899 948 3973 repente:
969 3887 1031 3950 sed
1046 3886 1243 3953 Victorinus

134 3989 310 4073 utriusque
320 3986 478 4076 vocabuli
489 3985 641 4072 singulos
652 3992 809 4050 auctores
824 3984 982 4064 adducit,
992 3984 1124 4050 Nonius
1138 3986 1243 4050 multo

136 4085 265 4170 plures.
277 4085 409 4152 Nonius
419 4085 512 4152 hune
521 4107 656 4150 versum
668 4083 911 4157 commestore,
926 4083 1001 4148 libri
1019 4083 1129 4148 111643
1145 4105 1243 4168 prae·

133 4183 304 4248 termittit:
317 4185 513 4250 Victorinus
528 4183 725 4269 simpliciter
740 4185 810 4248 dem
822 4183 985 4248 merear
999 4183 1036 4246 dr
1049 4183 1159 4246 sabito.

216 4279 287 4346 266.
311 4305 520 4348 narraras
544 4281 671 4348 Corra
694 4304 861 4347 conarer
885 4303 1243 4356 nnnar‚conc1rn

133 4403 207 4444 ran
229 4403 358 4444 nurus
381 4378 514 4446 Ourrs
543 4405 590 4445 ur
620 4403 800 4446 eruerunt
822 4403 972 4444 ureris
995 4399 1156 4444 correxi
1179 4399 1243 4440 sr-

135 4501 291 4554 ounrun
307 4528 312 4542 .
330 4477 523 4558 Quadratus
538 4481 662 4544 mame
675 4505 685 4541 :
700 4478 776 4544 Itali
792 4500 1007 4542 1111111111.
1020 4485 1090 4540 turn
1107 4474 1244 4558 conquiri
