2990 5202
650 473 698 542 ΙΙΙ
1156 475 1223 544 159

113 651 176 714 diei
182 697 192 728 ,
194 649 275 737 fidei
282 695 291 722 ,
292 649 341 737 fio
349 672 360 711 .·
371 669 480 733 neque
496 646 720 712 dubitandum
736 653 788 710 est
803 647 882 733 quin
897 669 999 712 unum
1014 648 1069 712 vel
1084 649 1226 714 alterum

113 747 416 832 praetermiserim.
431 747 579 812 audaciai
594 744 811 810 scribendum
826 755 880 810 εει
892 747 927 810 in
942 747 1190 831 Amphitruone
1204 772 1225 824 1,

116 845 210 920 1,211
224 893 232 917 ,
251 845 429 910 Giarmidai
443 844 638 909 Trinummo
654 867 690 918 11,
699 843 728 919 2,
737 843 778 908 78
795 889 803 918 ,
824 845 949 930 sapidai
963 845 1069 909 Persa
1083 868 1119 920 11,
1128 845 1157 921 2,
1166 846 1227 922 62,

106 943 249 1030 familiai
263 943 456 1008 Mercatore
470 965 502 1018 v,
515 943 540 1017 l,
550 943 586 1018 5,
597 942 699 1008 morai
714 940 834 1006 Sticho
849 965 894 1016 ιν,
906 943 932 1016 l,
942 943 979 1006 31
991 991 1000 1017 ,
1012 950 1047 1007 ει
1060 943 1095 1007 in
1109 946 1226 1028 primis

112 1039 280 1126 Amphitr.
290 1063 312 1116 1,
324 1041 350 1116 l,
361 1039 423 1105 228
434 1041 520 1106 Nam
532 1040 762 1126 Amphitmonis
771 1039 874 1104 Sosiae·
883 1063 931 1104 me
943 1063 1005 1105 eme
1014 1041 1096 1105 volni
1106 1043 1225 1124 dicere,
1236 1106 1239 1118 ,

112 1138 171 1204 ubi
184 1138 263 1204 libri
276 1141 391 1204 eocinm
404 1163 443 1202 ne
455 1161 521 1202 me.
537 1157 605 1202 non
619 1145 789 1223 repugnat
802 1137 941 1223 regulae
955 1141 1065 1225 Nepae
1079 1153 1226 1226 pamm

113 1238 237 1324 aquaist
249 1237 282 1300 in
295 1238 393 1315 mari,
406 1235 500 1321 quod
515 1235 616 1301 estin
630 1234 781 1300 Poenulo
797 1257 818 1310 r,
827 1235 856 1310 3,
864 1233 922 1311 23,
934 1236 1080 1321 itemque
1094 1247 1224 1304 rectum

114 1343 166 1399 εει
186 1335 234 1400 ad
253 1335 309 1399 hoc
328 1336 412 1422 qaod
433 1336 521 1399 dieiet
532 1335 566 1398 in
583 1334 702 1399 eadem
717 1359 738 1409 1,
747 1333 806 1408 2‚8
826 1383 833 1397 .
856 1335 906 1398 ita
919 1334 1098 1400 Terentius
1122 1337 1227 1404 habet

113 1433 190 1512 diei,
202 1433 336 1510 Cliniai,
347 1433 420 1496 eine
436 1432 592 1509 elisione;
602 1433 681 1498 item
697 1432 866 1518 Vergilius
881 1435 977 1519 aquai
983 1482 992 1512 ,
1002 1435 1090 1498 aulai
1096 1483 1105 1514 ,
1117 1440 1225 1512 aurai,

111 1532 207 1616 pictai
221 1577 231 1610 ,
248 1533 372 1606 Amica,
389 1530 545 1610 Phoebea,
562 1531 640 1610 diei,
658 1531 745 1610 Elei,
768 1531 901 1617 Grynei,
915 1531 1088 1610 Anchiseo,
1107 1531 1224 1626 Sopho-

114 1630 192 1708 cleo,
210 1628 385 1708 Achilleae,
401 1632 540 1707 Aeneae,
562 1629 655 1708 Ceae,
673 1629 934 1708 Lacrnedcnleaa,
951 1628 1122 1710 Phoebeae,
1134 1630 1226 1708 eheu,

114 1727 150 1790 Io
168 1759 187 1805 ,·
202 1727 269 1792 Clio
286 1775 294 1802 ,
316 1727 463 1792 Peridiae
479 1775 486 1801 ,
512 1726 619 1806 Geloi,
635 1749 706 1806 eoo,
721 1749 832 1802 enroo,
848 1727 944 1808 Inoo,·
957 1725 1157 1814 Propertius
1171 1729 1225 1795 hie

115 1826 217 1890 etiam
232 1825 353 1912 plura,
375 1825 438 1890 sed
454 1824 604 1901 Graecam
628 1825 683 1894 alii
697 1829 820 1909 poeitae
836 1825 900 1889 alia
923 1874 930 1888 .
951 1825 986 1888 in
1002 1825 1055 1890 hie
1070 1826 1225 1894 Tibullus

114 1944 183 1986 non
205 1923 343 2009 scripsit
357 1923 435 1988 Eleo
456 1935 498 1988 en
516 1924 569 1999 1,4‚
578 1923 637 1998 32,
653 1921 716 1988 sed
731 1923 835 1988 Eleaet
844 1973 853 2003 ,
869 1931 904 1986 et
917 1922 1095 1989 Lucretius
1118 1927 1152 1990 in
1175 1925 1224 2002 ιιι,

115 2020 177 2086 624
192 2023 337 2087 animaist
350 2021 429 2104 (hoc
444 2022 529 2086 enim
541 2021 671 2087 Nimius
683 2030 776 2086 recte
787 2021 884 2108 vidit)
899 2023 956 2087 ubi
970 2022 1047 2087 libri
1062 2026 1226 2109 acinaces&

115 2119 204 2184 idem
214 2121 250 2184 in
262 2142 305 2194 iv,
318 2119 416 2194 1083,
430 2140 473 2182 ne
486 2120 584 2183 rabiei
597 2120 678 2184 rmde
692 2119 871 2184 dicendum
887 2126 996 2194 esset,
1011 2120 1113 2184 semel
1126 2123 1227 2188 rahier

113 2219 149 2282 in
165 2217 325 2304 giguendi
340 2237 439 2280 casu.
453 2217 568 2302 itaque
588 2219 661 2280 vitai
679 2241 710 2282 ee
723 2219 758 2281 in
773 2218 1012 2303 epigrammate
1027 2227 1142 2283 vetere
1157 2268 1165 2296 ,
1183 2221 1226 2286 de

116 2337 186 2399 quo
203 2314 273 2379 dixi
288 2313 333 2378 ad
347 2313 468 2378 librum
481 2336 502 2388 ι,
511 2313 589 2388 993,
600 2313 889 2398 pronuntiandum
900 2322 953 2380 est
963 2317 1073 2380 enare.
1086 2317 1140 2380 alii
1154 2317 1226 2382 hia·

117 2421 188 2476 tum
203 2411 346 2475 vitiosae
362 2409 491 2474 elisioni
504 2411 759 2495 praetulerunt,
774 2419 814 2476 ut
827 2413 991 2498 Panopeae
1004 2424 1032 2478 el
1045 2415 1139 2490 Inoo,
1155 2441 1227 2482 eoae

115 2510 302 2589 Allaedides,
315 2508 458 2597 Hyantea
471 2511 650 2596 Aponippe,
663 2511 800 2576 Bacchei
812 2512 948 2575 ululatur
962 2561 969 2574 .
985 2512 1043 2596 qui
1056 2512 1143 2578 haec
1157 2515 1226 2580 sin·

11 2691 12 2694 ¹
116 2607 196 2694 gula
207 2614 299 2672 recte
310 2607 655 2692 perpenderit,facile
667 2607 926 2693 credet,siquid
936 2629 1078 2694 usquam
1089 2613 1227 2698 regulae

116 2725 306 2792 repugnare
320 2705 427 2770 visum
441 2701 544 2771 fuerit
562 2755 570 2782 ‚
591 2705 628 2772 id
648 2706 792 2773 librariis
807 2707 920 2792 potius
936 2729 1035 2792 quam
1050 2715 1226 2792 poetarum

116 2803 348 2890 neglegentiae
363 2801 626 2869 adscribendum
642 2825 716 2870 esse
732 2855 738 2867 .
762 2805 957 2870 notissimus
972 2815 1025 2871 εει
1039 2809 1226 2875 versiculus

118 2897 306 2976 Ciceronis,
318 2902 375 2986 qui
388 2901 438 2965 ita
452 2903 600 2986 scriptus
615 2902 726 2966 editur
741 2901 785 2966 de
801 2900 1007 2966 divinatione
1022 2926 1044 2978 1,
1053 2903 1093 2967 22
1106 2900 1119 2978 ,¹
1130 2908 1227 2994 Inque

117 3001 287 3064 Academia
300 2999 470 3086 mnhrnJera
484 3001 638 3084 nitidoque
652 2999 756 3084 Isyceo
766 3025 777 3079 ,·
789 2999 824 3062 in
839 3019 907 3082 quo
921 2999 1085 3062 rationem
1100 3002 1227 3068 habere
1297 3045 1305 3062 .

117 3097 236 3181 incipit
248 3095 340 3181 quod
351 3095 508 3160 Moscius
517 3094 611 3157 nulla
620 3116 694 3158 cum
705 3095 839 3158 ratione
847 3094 1062 3158 scribendum
1074 3099 1227 3176 coniecit,

124 3193 299 3280 Umbmsera
319 3195 411 3278 inque
426 3192 596 3256 Academia
616 3239 623 3254 .
646 3191 708 3255 sed
731 3189 923 3255 credibilius
944 3199 999 3256 est
1015 3191 1227 3272 Ciceronem,
1283 3225 1287 3234 ·

119 3313 195 3356 cum
210 3291 265 3354 alii
281 3282 431 3354 Graecos
445 3289 672 3364 imitarentur,
683 3288 817 3375 linguae
831 3288 974 3365 Latinae,
984 3293 1227 3376 proprietatem

119 3389 215 3474 sequi
231 3386 404 3464 maluisse,
414 3392 453 3451 ut
468 3387 671 3452 Academiam
685 3385 893 3472 paenultima
908 3395 1067 3474 correpta
1082 3388 1227 3470 diceret,

121 3507 218 3570 quem
234 3484 413 3552 admodum
428 3493 562 3550 veteres
577 3507 646 3550 non
660 3507 770 3571 pauca
789 3485 1006 3574 diphthongo
1023 3485 1155 3554 Graeca
1169 3513 1228 3555 ex·

121 3589 259 3648 tenuata
267 3582 497 3667 protulerunt,
507 3591 544 3646 ut
548 3585 684 3669 plateam
694 3632 702 3660 ,
707 3584 1087 3672 pyaaecenm,Salenciam
1092 3588 1229 3675 ,Epenm

122 3681 184 3763 (ita
198 3681 340 3747 Plautus
360 3681 396 3744 in
408 3702 510 3746 versu
530 3681 698 3767 quadrato
715 3683 1019 3772 Epaimfrnm'slcam
1034 3686 1128 3770 apud
1141 3687 1227 3753 Var-

121 3799 234 3844 ronem
250 3779 295 3843 de
309 3779 422 3864 lingua
436 3777 560 3843 Latina
570 3801 618 3842 v11
633 3802 665 3866 p.
681 3779 762 3856 324,
777 3779 840 3846 sed
853 3781 943 3845 idem
956 3782 990 3845 in
1001 3781 1228 3852 Bacchidibus
1323 3849 1330 3858 .

11 3939 12 3948 ,
123 3877 203 3953 rv,9,
214 3877 253 3942 13
269 3877 382 3964 Epiust
395 3877 613 3960 Pibtoclemnh
627 3878 708 3942 item
721 3879 957 3944 Ptolemocratia
971 3879 1006 3942 in
1019 3880 1177 3949 Rudente
1192 3907 1227 3960 ιι,

124 3971 151 4047 5,
159 3972 200 4039 24
213 4023 221 4051 ,
237 3977 274 4039 in
289 3975 439 4060 Captivis
453 3976 541 4040 Alios
549 4024 558 4054 ,
570 3974 745 4061 Philippeos
759 3977 869 4041 tribus
884 3976 1044 4043 brevibus
1060 4026 1068 4056 ,
1086 3988 1120 4045 et
1135 3983 1228 4068 quod

124 4073 263 4138 maxime
276 4074 395 4138 mirum
410 4081 480 4148 εει,
496 4073 555 4137 Coo
570 4071 642 4136 sive
658 4073 731 4138 Chio
746 4072 856 4158 (quod
870 4074 904 4138 in
914 4075 1137 4143 Ambrosiano
1154 4101 1228 4146 esse

126 4165 315 4255 Geppertus
327 4219 335 4245 ‚
349 4172 404 4236 vir
418 4170 634 4236 doctissimus
645 4217 654 4245 ,
667 4170 748 4236 mihi
762 4170 944 4258 indicavit)
960 4173 1163 4242 adiectivum
1178 4178 1228 4242 di-

125 4265 288 4349 syllabum
303 4269 416 4355 priore
432 4277 591 4355 correpta
604 4270 639 4333 in
650 4269 802 4334 Poenulo
817 4293 866 4346 111,
876 4270 905 4345 3,
914 4271 955 4336 86
965 4319 971 4336 .
981 4273 1044 4338 sed
1057 4277 1117 4340 Coa
1129 4275 1229 4340 Statii

126 4363 281 4432 silvarum
296 4391 317 4442 1,
326 4367 355 4440 2,
363 4365 425 4431 252
441 4375 494 4432 εει
508 4388 528 4430 a
543 4375 637 4432 recto
655 4367 746 4430 l<bmc
763 4417 769 4440 ,
792 4367 978 4455 eodemque
999 4371 1100 4434 modo
1123 4372 1229 4456 scrip·

126 4463 193 4526 tum
203 4464 237 4527 in
249 4462 421 4529 Ciceronis
436 4462 481 4528 ad
491 4464 639 4530 Atticum
652 4465 868 4549 epistularum
880 4466 967 4533 libro
980 4491 1025 4542 rx,
1034 4469 1062 4542 9,
1071 4467 1108 4530 2:
1120 4489 1230 4552 neque
