2946 5188
268 439 313 506 26
824 437 839 504 1

194 629 242 674 710
266 612 375 675 omnis
390 613 469 675 etin
483 633 594 676 rerum
608 619 745 676 naturas
761 610 883 674 vertier
898 611 1021 683 omnis,

266 746 385 811 magno
402 747 505 812 opere
519 747 539 790 a
553 747 633 789 vero
647 725 747 810 louge
763 724 917 788 derrasse
932 723 1102 790 videntur.

266 839 354 904 udde
369 841 466 905 etiam
482 841 537 924 qui
552 839 790 927 conduplicant
804 839 985 926 primordie
998 859 1123 912 rerum,

266 961 344 1019 utre
357 955 531 1040 iungentes
544 955 628 1039 igni,
640 963 829 1038 terramque
842 955 980 1040 liquori,

213 1079 215 1084 ’
267 1077 301 1132 et
315 1070 372 1154 qui
388 1077 546 1154 quattuor
560 1090 603 1132 ex
616 1069 718 1134 rebus
732 1090 835 1155 posse
850 1070 960 1133 omnic
973 1077 1090 1135 rentur

195 1198 243 1245 715
266 1203 309 1246 ex
322 1183 390 1268 igni
404 1191 609 1268 terrentque
624 1184 732 1247 anime
745 1204 962 1268 procrescere
978 1192 1012 1248 et
1026 1184 1137 1247 imbri.

268 1318 409 1381 quorum
422 1299 668 1384 Acragantinus
684 1319 758 1362 cum
772 1297 887 1384 primis
901 1296 1123 1384 Empedocles
1139 1307 1205 1372 est,

266 1410 375 1474 insuia
389 1431 488 1496 quem
500 1413 672 1496 triquetris
686 1419 849 1476 terrarum
865 1412 970 1496 gessit
983 1413 1017 1475 in
1032 1413 1116 1488 oris,
1187 1395 1192 1404 ⁵

267 1546 366 1610 qnam
380 1523 512 1588 fluitans
528 1526 650 1590 circum
665 1525 792 1609 magnis
807 1525 1012 1619 anfractibus
1026 1547 1153 1611 sequor

265 1638 393 1702 Ionium
409 1639 534 1724 glaucis
549 1639 700 1725 aspargit
714 1638 805 1702 virus
819 1641 862 1704 nb
877 1639 991 1716 undis,

194 1768 244 1814 720
267 1761 478 1838 angustoque
492 1752 580 1817 fretu
595 1752 748 1838 rapidum
762 1733 852 1818 mere
868 1753 987 1819 dividit
1001 1754 1132 1819 undans

265 1866 380 1930 Italiae
395 1875 558 1932 terrarum
573 1889 651 1931 oras
665 1889 686 1930 e
696 1867 820 1945 finibus
835 1869 921 1932 eius.

266 1979 320 2043 hic
335 1988 387 2044 est
402 1988 497 2046 vasta
512 1980 719 2068 Charybdis,
730 1991 765 2046 ct
778 1982 834 2046 hic
848 1983 998 2047 Aetnaea
1012 1984 1177 2049 minantur

266 2117 433 2158 murmure
446 2096 648 2160 flammarum
662 2118 794 2160 rursum
809 2118 845 2160 se
860 2097 1016 2182 colligere
1030 2100 1111 2172 ires,

263 2208 416 2274 faucibus
431 2219 568 2298 eruptos
583 2211 701 2275 iterum
715 2211 766 2274 vis
781 2217 820 2274 ut
832 2219 945 2276 vomat
958 2212 1044 2298 ignis

192 2339 240 2384 725
263 2321 307 2386 cd
323 2325 515 2411 caelumque
529 2325 617 2389 ferat
631 2323 770 2391 flammai
785 2325 917 2412 fulgura
930 2349 1078 2391 rursum.

265 2459 351 2523 quae
367 2460 440 2502 cum
454 2461 574 2525 magne
587 2439 695 2504 modis
709 2439 988 2528 multis'miranda
1001 2440 1133 2506 videtur

264 2553 418 2636 gentibus
432 2551 584 2615 humanis
599 2554 691 2636 regio
706 2552 913 2636 visendaque
926 2554 1047 2625 fertur,

264 2665 365 2728 rebus
380 2667 490 2751 opima
503 2665 600 2728 bonis
611 2713 618 2740 ‚
629 2664 733 2728 multu
747 2666 873 2730 munita
887 2667 993 2730 virum
1009 2670 1057 2742 vi,

266 2779 311 2842 nil
325 2786 436 2842 tamen
449 2778 515 2842 hon
529 2779 688 2843 habuisse
702 2779 774 2844 viro
789 2779 993 2866 praeclarius
1007 2782 1041 2846 in
1057 2805 1094 2847 se

192 2909 241 2956 7³0
262 2914 325 2957 nec
340 2900 491 2957 sunctum
504 2893 609 2979 magis
624 2901 658 2956 et
672 2893 788 2957 mirum
803 2915 984 2979 carumque
998 2896 1147 2963 videtur.

264 3008 409 3072 carmina
423 3009 504 3093 quin
518 3008 615 3072 etiam
630 3007 734 3074 divini
748 3009 895 3094 pectoris
911 3010 981 3104 eius

264 3123 489 3188 vociferantur
505 3133 537 3187 et
552 3131 726 3210 exponunt
738 3124 912 3208 praeclara
926 3134 1074 3211 reperto,

264 3246 302 3302 ut
316 3239 373 3302 vix
386 3237 530 3301 humana
544 3237 697 3301 videatur
712 3239 817 3322 stirpe
833 3247 982 3303 creatus.

305 3351 370 3414 Hic
384 3359 493 3416 tamen
508 3359 542 3416 et
557 3371 659 3435 supra
672 3372 759 3435 quos
774 3350 916 3416 dixinms
930 3352 1106 3419 inferiores
1206 3348 1208 3354 i

191 3483 241 3528 735
264 3467 414 3552 partibus
431 3464 562 3550 egregie
576 3464 686 3529 multis
702 3465 874 3551 multoque
888 3466 1049 3541 minores,

265 3601 463 3665 quamquam
477 3577 580 3642 multa
594 3577 679 3640 bene
693 3599 733 3642 ac
749 3577 907 3644 divinitus
922 3582 1128 3647 invenientes

264 3715 306 3757 ex
321 3691 424 3780 adyto
440 3700 507 3756 tani
522 3713 620 3776 quem
635 3692 747 3756 cordis
761 3714 925 3780 responsa
939 3695 1063 3760 dedere

264 3809 412 3872 sanctius
427 3806 577 3871 etm1dt0
593 3815 686 3871 certa
699 3807 828 3870 ratione
842 3811 947 3896 magis
962 3831 1060 3895 quam

263 3922 387 4009 Pythia
401 3942 487 4006 qnae
501 3920 626 4006 tripodi
642 3942 662 3984 a
676 3919 804 3985 Phoebi
820 3923 981 4010 lauroque
996 3925 1164 4010 profatur,

192 4055 240 4100 740
261 4037 433 4122 principiis
448 4045 557 4100 tmnen
572 4035 606 4099 in
621 4059 730 4100 rerum
745 4037 855 4102 fecere
869 4040 988 4102 ruinas

266 4315 400 4368 noveni
425 4315 434 4382 Η
458 4319 505 4367 711
525 4313 597 4385 longi
621 4315 631 4384 ii
656 4321 704 4368 716
723 4318 923 4388 Agragantinns
943 4317 952 4383 Η
971 4325 1019 4372 720
1038 4315 1129 4374 undis.
1156 4323 1165 4388 ii
1186 4329 1232 4375 721
1254 4323 1361 4377 aniine
1378 4321 1387 4388 ii

265 4405 313 4451 721
332 4408 361 4453 nt
379 4399 477 4450 omnint
494 4398 504 4466 ii
524 4404 572 4450 725
592 4399 711 4453 flammae
728 4403 738 4468 ii
758 4405 806 4454 739
825 4411 961 4471 prosator.
