2970 5268
641 445 676 512 V

80 642 141 684 uam
156 642 249 706 quae
267 641 426 708 cumque
441 619 536 684 vides
551 621 641 686 vesci
656 620 811 688 vitalibus
826 625 930 700 auris,

78 743 124 798 aut
135 734 242 800 dolus
260 745 335 800 aut
348 736 456 800 virtus
471 743 529 802 aut
544 734 688 821 denique
703 738 867 803 mobilitas
882 747 936 804 est

78 869 109 912 ex
120 849 267 914 ineunte
285 871 380 914 aevo
395 871 500 935 genus
514 850 551 915 id
564 857 675 916 turtata
688 873 880 918 reservans:

41 991 62 1010 ι·
76 964 241 1050 multaque
259 983 307 1029 su
313 973 369 1040 nt,
381 966 479 1032 nobis
494 987 536 1030 ex
550 966 693 1032 utilitate
707 987 770 1030 sua
784 987 871 1053 quae

77 1079 322 1145 commendata
336 1087 489 1156 manent,
501 1081 626 1146 tutelae
640 1080 766 1146 tradita
779 1089 932 1148 nostrae.

75 1193 236 1282 principio
253 1216 375 1282 genus
389 1217 466 1260 aere
480 1196 611 1260 leonum
627 1217 796 1282 saevaque
810 1197 921 1262 saecla

77 1317 216 1374 tutatast
233 1309 358 1374 virtus
369 1359 377 1386 ,
388 1310 507 1397 volpes
522 1309 639 1386 dolus,
652 1318 687 1375 et
699 1310 780 1397 fuga
794 1331 929 1376 cervos.

77 1430 105 1484 at
116 1423 325 1489 levisomna
338 1446 457 1490 eanum
470 1423 538 1490 fido
555 1446 629 1489 cum
643 1433 782 1510 pectore
797 1424 915 1502 corda,

39 1549 62 1588 u
78 1545 104 1598 et
116 1559 231 1622 genus
249 1561 359 1604 omne
375 1539 468 1625 quod
483 1549 536 1604 est
549 1541 701 1604 veterino
717 1541 840 1605 semiue
855 1549 1002 1629 partum,

78 1649 326 1740 lanigeraeque
340 1655 436 1720 simul
449 1653 598 1741 pecudes
614 1663 648 1719 et
661 1655 785 1720 bucera
800 1656 910 1720 saecla

80 1767 182 1832 omnia
197 1777 293 1834 sunt
307 1769 478 1834 hominum
493 1769 616 1834 tutelae
631 1769 754 1834 tradita
764 1819 771 1846 ‚
783 1771 930 1836 Memmi:

81 1899 148 1944 uam
163 1883 303 1970 cupide
318 1884 434 1971 fugere
448 1882 554 1960 feras,
566 1906 749 1972 pacemque
764 1895 882 1950 secuta

80 2005 150 2060 suut
165 2007 202 2063 et
217 1999 326 2086 larga
340 2021 403 2064 suo
419 2000 490 2064 sine
503 1999 628 2085 pabula
643 2009 741 2085 parta*
752 2001 887 2076 labore,

41 2117 68 2158 u·
84 2129 162 2190 quae
177 2111 312 2180 damus
326 2114 478 2179 utilitatis
493 2129 610 2179 eorum
624 2117 770 2201 praemia
785 2137 900 2182 causa.

84 2231 114 2285 at
126 2229 203 2315 quis
219 2230 273 2294 nil
289 2228 412 2294 horum
428 2229 543 2294 tribuit
555 2238 694 2306 natura,
706 2251 769 2294 uec
783 2230 857 2316 ipsa

85 2351 201 2424 sponte
217 2367 289 2410 sua
303 2353 445 2432 possent
458 2355 497 2409 ut
510 2346 623 2410 vivere
638 2365 700 2410 nec
715 2343 797 2410 dare
810 2347 908 2412 nobis

87 2455 263 2524 utilitatem
280 2459 443 2545 aliquam,
455 2482 558 2545 quare
571 2469 763 2549 pateremur
778 2483 891 2526 corum

88 2571 256 2649 praesidio
273 2583 393 2639 nostro
409 2575 502 2662 pasci
517 2597 623 2661 genus
638 2598 780 2663 esseque
796 2584 918 2654 tutum,

48 2690 76 2736 *75
92 2684 214 2753 scilicet
224 2739 232 2765 ‚
244 2691 334 2754 hacc
349 2689 420 2755 aliis
435 2691 581 2777 praedae
595 2691 757 2777 lucroque
771 2693 925 2758 iacebant

88 2795 289 2887 indupedita
304 2805 372 2870 suis
387 2805 542 2870 fatalibus
558 2806 668 2871 omnia
681 2807 813 2882 vinclis,

93 2909 193 2982 donec
210 2921 260 2986 ad
275 2921 445 2986 interitum
459 2941 565 3007 genus
579 2919 614 2983 id
629 2928 750 2984 natura
763 2919 911 3005 redegit.

128 3028 197 3096 Sed
212 3057 328 3122 neque
344 3035 499 3100 Centauri
514 3035 665 3108 fluerunt,
676 3055 739 3096 nec
753 3041 905 3118 tempore
918 3034 952 3096 iu
969 3036 1035 3098 ullo
1060 3105 1064 3113 ,

95 3161 161 3209 esse
176 3159 313 3235 queunt
327 3150 450 3238 duplici
465 3157 586 3214 natura
603 3157 638 3213 ct
652 3166 794 3232 corpore
809 3147 888 3210 bino

51 3265 79 3309 ³⁸³0
96 3275 132 3320 tx
144 3262 342 3353 alienigenis
356 3265 511 3331 membris
527 3270 719 3351 compacta,
732 3269 883 3348 potestas

96 3368 165 3439 hinc
177 3379 275 3446 illinc
288 3382 393 3467 partis
407 3391 444 3446 ut
458 3383 486 3446 si
502 3402 563 3468 par
577 3401 650 3444 csse
664 3380 815 3469 potissit.

97 3484 127 3548 id
140 3489 218 3560 licet
231 3497 312 3562 hinc
328 3497 478 3582 quamvis
492 3495 606 3560 hebeti
621 3516 828 3582 cognoscere
843 3493 963 3559 corde.

99 3604 257 3696 principio
273 3611 397 3676 circum
409 3611 516 3676 tribus
532 3613 616 3676 actis
630 3613 768 3698 impiger
782 3610 878 3674 annis

100 3713 191 3789 floret
206 3747 303 3800 ecus,
317 3747 400 3812 puer
413 3726 497 3790 haut
513 3745 678 3811 quaquam
689 3749 696 3788 ε
706 3747 784 3790 nam
798 3745 900 3811 saepe
915 3725 1013 3789 etiam
1026 3745 1117 3790 nunc

55 3835 86 3882 lt
102 3831 196 3903 ubera
209 3861 424 3905 mammarum
438 3841 473 3904 in
488 3840 613 3904 somnis
627 3841 786 3904 lactantia
801 3847 955 3924 quaeret:

104 3961 176 4028 post
188 3955 247 4020 ubi
262 3975 356 4020 ecum
370 3955 502 4022 validae
516 3955 606 4020 vires
620 3953 728 4018 aetate
743 3962 881 4018 senecta

105 4070 309 4157 membraque
325 4070 483 4137 deficiunt
496 4069 636 4156 fugienti
651 4066 809 4154 languida
822 4067 906 4143 vita,

110 4245 300 4266 κ-

109 4345 152 4396 868
168 4358 225 4406 tuta
251 4355 261 4422 ΙΙ
289 4359 338 4406 866
358 4354 440 4408 veteri
458 4371 513 4406 uon
539 4355 549 4420 ll
577 4358 626 4406 866
645 4353 747 4424 bugcra
766 4351 777 4420 ΙΙ
798 4357 848 4404 868
866 4360 986 4406 secutae.
1004 4353 1014 4420 {l
1034 4357 1081 4403 871
1101 4351 1128 4403 ni
1147 4353 1157 4416 ll
1176 4353 1226 4402 878

111 4432 176 4492 ‘llari
192 4437 202 4503 ΙΙ
221 4443 267 4491 881
288 4438 378 4508 parvis
396 4446 495 4491 utnon
513 4437 548 4490 sit
566 4455 628 4506 pauc
647 4435 656 4504 ll
675 4442 724 4490 884
745 4453 900 4506 quamquam
919 4436 929 4504 ll
948 4441 996 4488 886
1016 4433 1142 4487 lactantia
