2990 5202
641 504 689 574 lll
1149 503 1217 574 185
1246 487 1250 498 ⁵

109 679 298 767 quadratus
313 681 421 767 prima
430 701 531 746 manu
540 727 549 757 ,
559 680 707 765 itemque
722 701 742 742 a
758 685 951 746 correctore
963 677 1129 766 oblongus
1138 725 1146 754 ,
1156 703 1220 744 res-

102 803 200 866 puero
213 781 321 844 iectu.
333 779 367 844 in
382 781 484 862 tertio
499 777 686 865 quadratus
700 789 793 864 queat
806 789 906 842 artae.
916 778 952 842 in
965 776 1142 843 undecimo
1159 778 1219 842 ob·

106 879 228 964 longus
241 901 338 966 mpure
348 881 448 944 caira.
460 897 558 942 omne
573 883 685 941 autem
700 883 932 963 argumentum
944 881 978 940 et
987 875 1221 962 imperfectum

108 983 161 1040 est
175 983 210 1042 et
224 965 339 1042 cetera
352 975 566 1061 interrumpit
580 1025 588 1051 ‚
607 975 740 1061 ipsique
754 995 874 1038 versus
894 974 984 1040 infra
997 993 1060 1038 suo
1075 974 1151 1040 loco
1166 995 1219 1039 re·

107 1082 249 1140 currunt
258 1075 292 1140 in
302 1075 390 1141 libro
402 1097 433 1150 v,
442 1073 607 1140 351-363
617 1121 624 1136 .
636 1071 722 1137 haec
732 1072 835 1158 igitur
846 1073 957 1136 omnia
965 1093 986 1136 a
994 1071 1152 1138 Lucretio
1163 1071 1220 1136 hic

106 1174 236 1261 scripta
250 1195 319 1238 non
334 1193 410 1240 esse
424 1172 638 1238 manifestum
653 1179 725 1247 est,
740 1170 803 1236 sed
818 1192 839 1234 a
851 1170 981 1236 lectore
995 1170 1219 1256 philosopho,

106 1274 162 1358 qui
178 1272 246 1337 hoc
261 1261 397 1358 quoque
413 1280 609 1362 argumento
626 1293 668 1335 ex
683 1270 749 1334 alio
761 1271 837 1334 loco
850 1269 1031 1353 desumpto
1044 1289 1115 1333 rem
1130 1289 1219 1333 com·

104 1369 208 1436 mode
228 1370 391 1436 illustrari
411 1391 514 1456 posse
537 1369 762 1434 existimaret.
776 1367 833 1431 hic
854 1373 968 1432 tamen
990 1389 1065 1432 eum
1087 1374 1220 1430 ceteros

102 1489 244 1545 versus,
256 1469 378 1554 quibua
394 1469 437 1534 de
452 1468 548 1534 caelo
563 1475 737 1554 ageretur,
748 1487 818 1531 non
829 1474 899 1531 tam
909 1463 1008 1530 facile
1020 1463 1064 1530 ad
1076 1465 1220 1530 animum

102 1567 284 1633 transferri
298 1581 401 1654 posse
413 1567 626 1652 intellegeret
639 1613 648 1641 ‚
663 1587 685 1630 a
699 1573 823 1652 coepto
837 1562 1089 1629 transcribendi
1102 1563 1220 1629 labore

103 1689 183 1731 mox
200 1664 353 1730 destitit.
371 1672 408 1730 at
421 1663 594 1730 Michahel
606 1663 772 1728 Marullus
785 1663 843 1728 illo
859 1660 1022 1727 audacior
1034 1661 1119 1726 nihil
1132 1662 1219 1726 veri·
1321 1661 1325 1674 '

106 1775 161 1830 tus
176 1773 233 1830 est
247 1764 369 1829 ceteris
384 1761 632 1829 transferendis
645 1763 806 1844 immanes
819 1761 966 1850 ineptias
979 1759 1103 1826 inferre
1113 1785 1121 1838 ς
1133 1783 1219 1847 quos

105 1883 226 1928 versus
247 1884 322 1928 cum
337 1883 453 1928 omnes
466 1862 563 1928 libris
576 1863 750 1928 veteribus
764 1863 837 1926 sine
851 1861 1051 1945 exceptione
1065 1861 1219 1926 omnibus

107 1963 230 2028 abesse
243 1968 303 2026 aut
317 1961 443 2026 scirent
457 1967 516 2024 aut
539 1967 630 2025 certe
651 1959 817 2025 deberent
836 1958 924 2023 sciro
945 2005 953 2033 ‚
975 1958 1127 2045 plerique
1146 1959 1218 2023 sine

107 2055 338 2126 admonitione
358 2067 604 2145 susceperunt,
625 2057 880 2131 Wakefieldus‚
904 2056 957 2121 oui
973 2056 1138 2143 Forbiger
1159 2055 1218 2120 ad·

106 2179 228 2223 sensus
244 2166 313 2233 est,
324 2153 333 2178 ‘
341 2158 477 2242 pottae'
499 2156 552 2240 (id
568 2165 621 2222 est
634 2157 787 2243 Marulli)
801 2157 942 2221 miratur
956 2150 1219 2221 ‘consideratam

106 2257 323 2321 severitatem
337 2255 536 2340 diligitque,
559 2277 621 2342 per
640 2263 710 2319 tam
726 2253 909 2319 dilucidam
927 2254 1219 2319 ratiocinationem

106 2354 305 2440 simpliciter
317 2359 462 2419 mentem
478 2374 573 2417 suam
588 2353 801 2438 exponentis’
813 2401 821 2415 .
831 2352 913 2416 mihi
922 2352 1060 2418 Marulli
1069 2353 1155 2418 male
1165 2373 1219 2417 se·

107 2452 190 2516 dula
199 2449 395 2537 simplicitas
406 2471 474 2516 non
484 2451 581 2515 nimis
593 2449 798 2537 exagitanda
809 2471 883 2514 esse
893 2449 1046 2516 videtur:
1057 2451 1220 2518 subiciam

107 2559 221 2614 tamen
235 2549 307 2614 eius
318 2549 504 2614 versiculos
516 2597 524 2623 ‚
535 2561 573 2613 ut
588 2556 753 2634 appareat
763 2569 850 2634 quae
861 2547 1033 2614 Lambinis
1048 2557 1084 2614 et
1092 2549 1219 2615 Wake-

106 2648 215 2716 lieldis
225 2650 371 2732 (ceteros
382 2669 472 2712 nunc
481 2648 613 2733 omitto)
622 2647 780 2712 Lucretio
793 2646 1069 2733 dignissimavisa
1079 2647 1217 2714 fuerint.

108 2749 151 2812 At
162 2771 274 2835 aeque,
285 2750 330 2812 uti
343 2748 434 2812 domii
440 2794 449 2827 ‚
460 2748 555 2812 soatio
571 2771 639 2811 cam
654 2767 782 2831 corpore
796 2745 916 2809 mentis
931 2745 1059 2811 Neaera
1073 2759 1116 2812 art
1124 2795 1133 2827 ‚
1144 2771 1218 2836 qao·

107 2848 192 2910 Mam
206 2847 369 2910 meam
382 2857 426 2910 eat
436 2848 469 2910 ia
482 2847 572 2910 rebar
585 2848 695 2921 iaaac,
707 2845 776 2910 Nec
790 2854 989 2908 tamencum
1001 2847 1220 2933 laomraaqae

108 2955 208 3009 auum
221 2965 354 3028 corporo
367 2944 474 3007 demat
486 2944 540 3008 Ea
552 2945 669 3032 infinito
683 2989 692 3022 ,
715 2965 794 3028 qsaae
801 2941 1010 3026 possimsorle
1024 2953 1128 3006 coorta
1145 2945 1219 3008 Cor·

107 3063 198 3105 mere
218 3041 298 3105 lanc
320 3041 440 3103 mentis
461 3039 588 3103 ciolemo
609 3039 725 3102 turbine
744 3036 865 3100 molem
885 3038 950 3100 Aut
969 3039 1065 3100 aliam
1084 3041 1221 3124 quamvis
1333 3055 1336 3064 ’

108 3141 226 3204 cladem
254 3140 420 3222 importare
435 3138 571 3222 pericli:
593 3137 663 3201 Nec
677 3157 776 3220 porro
801 3144 916 3198 actara
941 3133 1000 3196 loci
1024 3135 1221 3222 spuriumque

101 3235 255 3322 profundi
270 3235 404 3323 Deficit,
425 3235 554 3319 eaporpi
572 3256 632 3320 quo
652 3232 763 3317 possit
771 3231 829 3302 ¹vis
843 3229 965 3294 animai
978 3231 1043 3294 Ant
1062 3232 1127 3296 ulia
1143 3255 1220 3319 qua·

108 3335 152 3397 cis
165 3333 279 3416 possit
292 3334 323 3396 ci
330 3333 424 3418 palea
432 3334 539 3418 perire
554 3379 560 3393 .
583 3330 681 3396 Haud
698 3332 791 3416 apum
812 3331 864 3394 lea·
877 3329 1043 3415 praeclara
1063 3341 1105 3394 eat
1124 3332 1222 3396 ianua

109 3432 229 3496 menti.

192 3528 263 3595 820.
286 3529 401 3609 Quon
424 3551 645 3594 vrrnnraus
666 3550 716 3592 an
739 3526 1220 3593 araus.Lambinusnrrs·

111 3649 244 3704 ursos,
255 3635 365 3692 recte:
376 3649 453 3692 nam
469 3627 610 3692 alterum
624 3627 724 3713 plane
739 3625 925 3714 absurdum
939 3631 1008 3690 est.
1018 3624 1106 3691 idem
1123 3624 1220 3689 Lam·

111 3723 225 3812 binas,
237 3748 313 3792 cum
323 3724 488 3790 Marullus
502 3725 690 3790 orationem
703 3722 908 3809 pendentem
921 3743 1024 3788 versu
1038 3730 1117 3808 post
1130 3722 1222 3786 hune

113 3822 229 3888 addito
243 3824 414 3899 fulsisset,
428 3823 542 3888 verius
557 3822 662 3888 sensit
676 3829 757 3908 post
770 3843 906 3887 versum
921 3827 1078 3905 quartum
1092 3820 1222 3904 perisse

113 3923 279 4004 epodosin
293 3945 300 3987 ε
322 3920 384 3986 sed
398 3920 535 3985 Marulli
548 3941 684 3984 versum
699 3965 706 3994 ,
721 3919 781 4004 qui
795 3926 868 3982 erat
881 3917 939 3981 hic
952 3965 959 3992 ,
979 3917 1104 3982 Scilicet
1116 3939 1138 3982 α
1150 3939 1224 3982 cera

114 4017 197 4104 loaqe
210 4023 328 4086 ratione
342 4030 489 4084 remotam
502 4029 561 4097 ast,
572 4039 641 4082 non
655 4025 749 4082 recta
763 4015 924 4100 probavit
937 4015 1017 4081 illuc
1030 4016 1223 4082 traiectum.

115 4121 165 4178 est
180 4125 291 4182 autem
306 4119 522 4204 perspicuum
537 4135 577 4182 ea
592 4135 680 4201 quae
696 4113 884 4180 exciderint
893 4113 928 4178 in
938 4113 1039 4178 huius
1049 4113 1121 4180 fere
1132 4113 1225 4180 modi
1342 4195 1345 4202 ⁴

115 4225 279 4300 concepta
297 4215 403 4282 fuisse
423 4215 654 4291 sententiam,
682 4213 785 4279 Malla
810 4224 911 4278 tamea
937 4223 1065 4301 imapum
1090 4215 1226 4278 cairaom

115 4311 468 4400 mata,mutapm·01a.

196 4409 829 4488 824.Paanrrnnn1uouauouon
845 4428 1226 4475 nonarsrcuucon-

118 4523 234 4572 nonis
254 4533 432 4576 asoarr.
454 4511 560 4576 Recte
574 4509 652 4576 Itali
667 4516 702 4575 et
716 4507 896 4574 Turnebus
912 4528 1061 4574 uonnrs
1076 4527 1144 4570 caan
1160 4525 1226 4567 cor-
