<?xml version="1.0" encoding="UTF-8"?>
<!DOCTYPE html PUBLIC "-//W3C//DTD XHTML 1.0 Transitional//EN"
    "http://www.w3.org/TR/xhtml1/DTD/xhtml1-transitional.dtd">
<html xmlns="http://www.w3.org/1999/xhtml" xml:lang="en" lang="en">
 <head>
  <title>
</title>
<meta http-equiv="Content-Type" content="text/html;charset=utf-8" />
  <meta name='ocr-system' content='tesseract 3.04.00' />
  <meta name='ocr-capabilities' content='ocr_page ocr_carea ocr_par ocr_line ocrx_word'/>
</head>
<body>
  <div class='ocr_page' id='page_1' title='image "./intlucretiicari00lachgoog_0355.png"; bbox 0 0 3034 5198; ppageno 0'>
   <div class='ocr_carea' id='block_1_1' title="bbox 298 491 869 560">
    <p class='ocr_par' dir='ltr' id='par_1_1' title="bbox 298 491 869 560">
     <span class='ocr_line' id='line_1_1' title="bbox 298 491 869 560; baseline -0.002 -1"><span class='ocrx_word' id='word_1_1' title='bbox 298 492 346 560; x_wconf 84' lang='lat'><strong>98</strong></span> <span class='ocrx_word' id='word_1_2' title='bbox 837 491 869 558; x_wconf 95' lang='lat' dir='ltr'><strong>ll</strong></span> 
     </span>
    </p>
   </div>
   <div class='ocr_carea' id='block_1_2' title="bbox 202 663 1418 4470">
    <p class='ocr_par' dir='ltr' id='par_1_2' title="bbox 300 663 1418 850">
     <span class='ocr_line' id='line_1_2' title="bbox 301 663 1418 754; baseline 0.002 -24"><span class='ocrx_word' id='word_1_3' title='bbox 301 665 429 730; x_wconf 74' lang='lat' dir='ltr'><strong>Ftcnido</strong></span> <span class='ocrx_word' id='word_1_4' title='bbox 452 664 617 751; x_wconf 86' lang='lat' dir='ltr'><strong>oblongus</strong></span> <span class='ocrx_word' id='word_1_5' title='bbox 632 671 667 729; x_wconf 90' lang='lat' dir='ltr'><strong>et</strong></span> <span class='ocrx_word' id='word_1_6' title='bbox 689 663 860 739; x_wconf 80' lang='lat' dir='ltr'><strong>schedae,</strong></span> <span class='ocrx_word' id='word_1_7' title='bbox 882 663 1069 750; x_wconf 88' lang='lat' dir='ltr'><strong>quadratus</strong></span> <span class='ocrx_word' id='word_1_8' title='bbox 1074 665 1178 754; x_wconf 71' lang='lat' dir='ltr'><strong>fluido</strong></span> <span class='ocrx_word' id='word_1_9' title='bbox 1197 715 1203 728; x_wconf 92' lang='lat'><strong>.</strong></span> <span class='ocrx_word' id='word_1_10' title='bbox 1225 689 1418 732; x_wconf 77' lang='lat' dir='ltr'><strong>ooneoas.</strong></span> 
     </span>
     <span class='ocr_line' id='line_1_3' title="bbox 300 761 990 850; baseline -0.003 -22"><span class='ocrx_word' id='word_1_11' title='bbox 300 771 476 828; x_wconf 84' lang='lat' dir='ltr'><strong>corrector</strong></span> <span class='ocrx_word' id='word_1_12' title='bbox 490 761 643 850; x_wconf 83' lang='lat' dir='ltr'>oblongi.</span> <span class='ocrx_word' id='word_1_13' title='bbox 655 763 770 848; x_wconf 80' lang='lat' dir='ltr'><strong>liquido</strong></span> <span class='ocrx_word' id='word_1_14' title='bbox 786 761 990 846; x_wconf 87' lang='lat' dir='ltr'><strong>quadratus.</strong></span> 
     </span>
    </p>

    <p class='ocr_par' dir='ltr' id='par_1_3' title="bbox 203 848 1418 1835">
     <span class='ocr_line' id='line_1_4' title="bbox 383 848 1418 934; baseline 0.004 -10"><span class='ocrx_word' id='word_1_15' title='bbox 383 861 452 926; x_wconf 82' lang='lat'>453.</span> <span class='ocrx_word' id='word_1_16' title='bbox 465 859 637 934; x_wconf 75' lang='lat' dir='ltr'><strong>Nauons</strong></span> <span class='ocrx_word' id='word_1_17' title='bbox 650 848 1070 924; x_wconf 71' lang='lat' dir='ltr'><strong>enrnvnnrsnn&#39;nsnus</strong></span> <span class='ocrx_word' id='word_1_18' title='bbox 1085 883 1418 928; x_wconf 68' lang='lat' dir='ltr'><strong>lrnusrrncms</strong></span> 
     </span>
     <span class='ocr_line' id='line_1_5' title="bbox 301 957 1416 1046; baseline -0.001 -21"><span class='ocrx_word' id='word_1_19' title='bbox 301 982 408 1038; x_wconf 81' lang='lat' dir='ltr'><strong>onon</strong></span> <span class='ocrx_word' id='word_1_20' title='bbox 435 980 633 1035; x_wconf 72' lang='lat' dir='ltr'><strong>sennenn</strong></span> <span class='ocrx_word' id='word_1_21' title='bbox 656 1007 663 1022; x_wconf 93' lang='lat'><strong><em>.</em></strong></span> <span class='ocrx_word' id='word_1_22' title='bbox 689 957 790 1022; x_wconf 89' lang='lat' dir='ltr'><strong>Hunc</strong></span> <span class='ocrx_word' id='word_1_23' title='bbox 810 979 946 1023; x_wconf 76' lang='lat' dir='ltr'><strong>versum</strong></span> <span class='ocrx_word' id='word_1_24' title='bbox 967 959 1151 1023; x_wconf 78' lang='lat' dir='ltr'><strong>Lambinus</strong></span> <span class='ocrx_word' id='word_1_25' title='bbox 1174 959 1288 1025; x_wconf 89' lang='lat' dir='ltr'><strong>delere</strong></span> <span class='ocrx_word' id='word_1_26' title='bbox 1311 983 1416 1046; x_wconf 90' lang='lat' dir='ltr'><strong>quam</strong></span> 
     </span>
     <span class='ocr_line' id='line_1_6' title="bbox 233 1055 1416 1124; baseline 0 0"><span class='ocrx_word' id='word_1_27' title='bbox 233 1091 236 1100; x_wconf 91' lang='lat'>·</span> <span class='ocrx_word' id='word_1_28' title='bbox 301 1059 487 1124; x_wconf 89' lang='lat' dir='ltr'><strong>orationem</strong></span> <span class='ocrx_word' id='word_1_29' title='bbox 501 1056 680 1122; x_wconf 88' lang='lat' dir='ltr'><strong>emendare</strong></span> <span class='ocrx_word' id='word_1_30' title='bbox 695 1056 812 1120; x_wconf 88' lang='lat' dir='ltr'><strong>maluit</strong></span> <span class='ocrx_word' id='word_1_31' title='bbox 827 1105 833 1118; x_wconf 94' lang='lat'>.</span> <span class='ocrx_word' id='word_1_32' title='bbox 856 1055 1073 1121; x_wconf 86' lang='lat' dir='ltr'><strong>scribendum</strong></span> <span class='ocrx_word' id='word_1_33' title='bbox 1087 1065 1141 1121; x_wconf 94' lang='lat' dir='ltr'><strong>est</strong></span> <span class='ocrx_word' id='word_1_34' title='bbox 1155 1079 1230 1122; x_wconf 89' lang='lat' dir='ltr'><strong>cum</strong></span> <span class='ocrx_word' id='word_1_35' title='bbox 1244 1059 1416 1124; x_wconf 74' lang='lat' dir='ltr'><strong>Mauricio</strong></span> 
     </span>
     <span class='ocr_line' id='line_1_7' title="bbox 231 1153 1417 1242; baseline -0.001 -20"><span class='ocrx_word' id='word_1_36' title='bbox 231 1185 234 1194; x_wconf 85' lang='lat'><strong>·</strong></span> <span class='ocrx_word' id='word_1_37' title='bbox 300 1156 449 1242; x_wconf 87' lang='lat' dir='ltr'><strong>Hauptio</strong></span> <span class='ocrx_word' id='word_1_38' title='bbox 472 1158 569 1220; x_wconf 81' lang='lat' dir='ltr'><strong>itemst</strong></span> <span class='ocrx_word' id='word_1_39' title='bbox 578 1155 688 1242; x_wconf 68' lang='lat' dir='ltr'><strong>facilis</strong></span> <span class='ocrx_word' id='word_1_40' title='bbox 708 1175 834 1229; x_wconf 75' lang='lat' dir='ltr'><strong>onnsr</strong></span> <span class='ocrx_word' id='word_1_41' title='bbox 858 1175 1010 1240; x_wconf 67' lang='grc' dir='ltr'><strong>αφιαηινη</strong></span> <span class='ocrx_word' id='word_1_42' title='bbox 1027 1201 1035 1215; x_wconf 94' lang='grc'><strong>.</strong></span> <span class='ocrx_word' id='word_1_43' title='bbox 1054 1153 1417 1222; x_wconf 88' lang='lat' dir='ltr'><strong>PlautusinPoenulo</strong></span> 
     </span>
     <span class='ocr_line' id='line_1_8' title="bbox 300 1252 1414 1340; baseline -0.002 -20"><span class='ocrx_word' id='word_1_44' title='bbox 300 1278 321 1334; x_wconf 88' lang='lat'><strong>1,</strong></span> <span class='ocrx_word' id='word_1_45' title='bbox 330 1256 358 1330; x_wconf 88' lang='grc'><strong>2,</strong></span> <span class='ocrx_word' id='word_1_46' title='bbox 368 1256 405 1320; x_wconf 87' lang='grc'><strong>31</strong></span> <span class='ocrx_word' id='word_1_47' title='bbox 422 1257 492 1317; x_wconf 77' lang='lat' dir='ltr'><strong>item</strong></span> <span class='ocrx_word' id='word_1_48' title='bbox 505 1277 560 1318; x_wconf 81' lang='lat' dir='ltr'><strong>noe</strong></span> <span class='ocrx_word' id='word_1_49' title='bbox 568 1253 740 1340; x_wconf 65' lang='lat' dir='ltr'><strong>perbibet,</strong></span> <span class='ocrx_word' id='word_1_50' title='bbox 756 1252 854 1331; x_wconf 73' lang='lat' dir='ltr'><strong>Qrmsi</strong></span> <span class='ocrx_word' id='word_1_51' title='bbox 864 1253 947 1316; x_wconf 79' lang='lat' dir='ltr'><strong>salso</strong></span> <span class='ocrx_word' id='word_1_52' title='bbox 956 1253 1121 1318; x_wconf 80' lang='lat' dir='ltr'><strong>muriatica</strong></span> <span class='ocrx_word' id='word_1_53' title='bbox 1132 1277 1193 1318; x_wconf 81' lang='lat' dir='ltr'><strong>esee</strong></span> <span class='ocrx_word' id='word_1_54' title='bbox 1204 1265 1414 1318; x_wconf 63' lang='lat' dir='ltr'><strong>ardumum</strong></span> 
     </span>
     <span class='ocr_line' id='line_1_9' title="bbox 203 1347 1415 1436; baseline 0 -18"><span class='ocrx_word' id='word_1_55' title='bbox 203 1385 214 1400; x_wconf 40' lang='grc' dir='ltr'>κ</span> <span class='ocrx_word' id='word_1_56' title='bbox 247 1347 249 1350; x_wconf 58' lang='grc'><strong>’</strong></span> <span class='ocrx_word' id='word_1_57' title='bbox 299 1355 388 1418; x_wconf 92' lang='lat' dir='ltr'><strong>idem</strong></span> <span class='ocrx_word' id='word_1_58' title='bbox 401 1355 436 1417; x_wconf 91' lang='lat' dir='ltr'><strong>in</strong></span> <span class='ocrx_word' id='word_1_59' title='bbox 447 1351 605 1416; x_wconf 77' lang='lat' dir='ltr'><strong>Rudente</strong></span> <span class='ocrx_word' id='word_1_60' title='bbox 619 1371 670 1425; x_wconf 85' lang='lat'>111,</span> <span class='ocrx_word' id='word_1_61' title='bbox 678 1349 707 1423; x_wconf 85' lang='lat'><strong>2,</strong></span> <span class='ocrx_word' id='word_1_62' title='bbox 713 1349 755 1413; x_wconf 86' lang='grc'><strong>46</strong></span> <span class='ocrx_word' id='word_1_63' title='bbox 767 1351 920 1436; x_wconf 69' lang='lat' dir='ltr'><strong>Por-ripite</strong></span> <span class='ocrx_word' id='word_1_64' title='bbox 933 1349 1083 1414; x_wconf 74' lang='lat' dir='ltr'><strong>bominem</strong></span> <span class='ocrx_word' id='word_1_65' title='bbox 1091 1353 1222 1436; x_wconf 79' lang='lat' dir='ltr'><strong>pedibus</strong></span> <span class='ocrx_word' id='word_1_66' title='bbox 1234 1351 1296 1416; x_wconf 73' lang='lat' dir='ltr'><strong>leae</strong></span> <span class='ocrx_word' id='word_1_67' title='bbox 1308 1353 1415 1418; x_wconf 65' lang='lat' dir='ltr'><strong>man</strong></span> 
     </span>
     <span class='ocr_line' id='line_1_10' title="bbox 298 1447 1416 1540; baseline -0.004 -24"><span class='ocrx_word' id='word_1_68' title='bbox 298 1454 387 1540; x_wconf 72' lang='lat' dir='ltr'><strong>puerei</strong></span> <span class='ocrx_word' id='word_1_69' title='bbox 406 1453 537 1516; x_wconf 78' lang='lat' dir='ltr'><strong>occisam</strong></span> <span class='ocrx_word' id='word_1_70' title='bbox 557 1471 641 1514; x_wconf 75' lang='lat' dir='ltr'><strong>sueva</strong></span> <span class='ocrx_word' id='word_1_71' title='bbox 661 1497 668 1511; x_wconf 93' lang='lat'><strong>.</strong></span> <span class='ocrx_word' id='word_1_72' title='bbox 693 1448 728 1511; x_wconf 90' lang='lat' dir='ltr'><strong>in</strong></span> <span class='ocrx_word' id='word_1_73' title='bbox 748 1447 942 1514; x_wconf 78' lang='lat' dir='ltr'>Mercatore</span> <span class='ocrx_word' id='word_1_74' title='bbox 964 1471 1000 1524; x_wconf 80' lang='grc' dir='ltr'><strong>ιι,</strong></span> <span class='ocrx_word' id='word_1_75' title='bbox 1009 1449 1038 1525; x_wconf 90' lang='grc'><strong>2,</strong></span> <span class='ocrx_word' id='word_1_76' title='bbox 1046 1450 1088 1513; x_wconf 88' lang='grc'><strong>46</strong></span> <span class='ocrx_word' id='word_1_77' title='bbox 1108 1451 1223 1514; x_wconf 73' lang='lat' dir='ltr'><strong>venales</strong></span> <span class='ocrx_word' id='word_1_78' title='bbox 1243 1451 1416 1536; x_wconf 69' lang='lat' dir='ltr'><strong>deerepinre</strong></span> 
     </span>
     <span class='ocr_line' id='line_1_11' title="bbox 298 1547 1414 1633; baseline 0.002 -21"><span class='ocrx_word' id='word_1_79' title='bbox 298 1573 389 1614; x_wconf 78' lang='lat' dir='ltr'><strong>senec</strong></span> <span class='ocrx_word' id='word_1_80' title='bbox 409 1548 565 1612; x_wconf 77' lang='lat' dir='ltr'><em>Tantidem</em></span> <span class='ocrx_word' id='word_1_81' title='bbox 581 1557 623 1610; x_wconf 80' lang='lat' dir='ltr'><strong>est</strong></span> <span class='ocrx_word' id='word_1_82' title='bbox 636 1547 725 1632; x_wconf 77' lang='lat' dir='ltr'><strong>quasi</strong></span> <span class='ocrx_word' id='word_1_83' title='bbox 738 1547 909 1630; x_wconf 70' lang='lat' dir='ltr'><strong>sitsipnmn</strong></span> <span class='ocrx_word' id='word_1_84' title='bbox 926 1547 1045 1632; x_wconf 79' lang='lat' dir='ltr'><strong>pictum</strong></span> <span class='ocrx_word' id='word_1_85' title='bbox 1064 1549 1097 1610; x_wconf 77' lang='lat' dir='ltr'><strong>ia</strong></span> <span class='ocrx_word' id='word_1_86' title='bbox 1112 1550 1230 1633; x_wconf 82' lang='lat' dir='ltr'><strong>pariete</strong></span> <span class='ocrx_word' id='word_1_87' title='bbox 1250 1597 1257 1610; x_wconf 92' lang='lat'><strong>.</strong></span> <span class='ocrx_word' id='word_1_88' title='bbox 1280 1547 1414 1614; x_wconf 87' lang='lat' dir='ltr'><strong>Ennius</strong></span> 
     </span>
     <span class='ocr_line' id='line_1_12' title="bbox 299 1643 1415 1732; baseline -0.001 -20"><span class='ocrx_word' id='word_1_89' title='bbox 299 1647 391 1732; x_wconf 91' lang='lat' dir='ltr'><strong>apud</strong></span> <span class='ocrx_word' id='word_1_90' title='bbox 405 1648 596 1711; x_wconf 84' lang='lat' dir='ltr'><strong>Varronem</strong></span> <span class='ocrx_word' id='word_1_91' title='bbox 619 1643 661 1708; x_wconf 93' lang='lat' dir='ltr'><strong>de</strong></span> <span class='ocrx_word' id='word_1_92' title='bbox 682 1645 797 1732; x_wconf 81' lang='lat' dir='ltr'><strong>lingna</strong></span> <span class='ocrx_word' id='word_1_93' title='bbox 817 1645 941 1709; x_wconf 90' lang='lat' dir='ltr'><strong>Latina</strong></span> <span class='ocrx_word' id='word_1_94' title='bbox 953 1666 1002 1708; x_wconf 86' lang='lat' dir='ltr'><strong>vu</strong></span> <span class='ocrx_word' id='word_1_95' title='bbox 1017 1644 1121 1730; x_wconf 81' lang='lat' dir='ltr'><strong>p.320</strong></span> <span class='ocrx_word' id='word_1_96' title='bbox 1141 1646 1300 1710; x_wconf 68' lang='lat' dir='ltr'><strong>Tantaleo</strong></span> <span class='ocrx_word' id='word_1_97' title='bbox 1321 1651 1415 1732; x_wconf 79' lang='lat' dir='ltr'><strong>quasi</strong></span> 
     </span>
     <span class='ocr_line' id='line_1_13' title="bbox 290 1742 807 1835; baseline -0.008 -25"><span class='ocrx_word' id='word_1_98' title='bbox 290 1747 361 1835; x_wconf 83' lang='lat' dir='ltr'><strong>selo</strong></span> <span class='ocrx_word' id='word_1_99' title='bbox 375 1767 465 1808; x_wconf 78' lang='lat' dir='ltr'><strong>eones</strong></span> <span class='ocrx_word' id='word_1_100' title='bbox 478 1745 544 1807; x_wconf 74' lang='lat' dir='ltr'><strong>siae</strong></span> <span class='ocrx_word' id='word_1_101' title='bbox 558 1742 685 1806; x_wconf 60' lang='lat' dir='ltr'><strong>dedita</strong></span> <span class='ocrx_word' id='word_1_102' title='bbox 699 1744 793 1807; x_wconf 77' lang='lat' dir='ltr'><strong>latrat</strong></span> <span class='ocrx_word' id='word_1_103' title='bbox 800 1791 807 1806; x_wconf 91' lang='lat'><strong>.</strong></span> 
     </span>
    </p>

    <p class='ocr_par' dir='ltr' id='par_1_4' title="bbox 202 1839 1412 2615">
     <span class='ocr_line' id='line_1_14' title="bbox 382 1839 1412 1906; baseline 0 0"><span class='ocrx_word' id='word_1_104' title='bbox 382 1841 452 1906; x_wconf 79' lang='lat'>455.</span> <span class='ocrx_word' id='word_1_105' title='bbox 475 1839 532 1904; x_wconf 80' lang='lat' dir='ltr'><strong>Er</strong></span> <span class='ocrx_word' id='word_1_106' title='bbox 562 1861 795 1906; x_wconf 77' lang='lat' dir='ltr'><strong>nasonnsus</strong></span> <span class='ocrx_word' id='word_1_107' title='bbox 823 1863 920 1904; x_wconf 76' lang='lat' dir='ltr'><strong>rnna</strong></span> <span class='ocrx_word' id='word_1_108' title='bbox 942 1863 1144 1906; x_wconf 75' lang='lat' dir='ltr'><strong>enocnrve</strong></span> <span class='ocrx_word' id='word_1_109' title='bbox 1165 1862 1412 1906; x_wconf 77' lang='lat' dir='ltr'><strong>vonnsnnrs.</strong></span> 
     </span>
     <span class='ocr_line' id='line_1_15' title="bbox 299 1937 1411 2025; baseline -0.003 -20"><span class='ocrx_word' id='word_1_110' title='bbox 299 1939 495 2022; x_wconf 79' lang='lat' dir='ltr'><strong>Quadratus</strong></span> <span class='ocrx_word' id='word_1_111' title='bbox 509 1937 676 2024; x_wconf 79' lang='lat' dir='ltr'><strong>pmclyne.</strong></span> <span class='ocrx_word' id='word_1_112' title='bbox 698 1939 824 2025; x_wconf 89' lang='lat' dir='ltr'><strong>optime</strong></span> <span class='ocrx_word' id='word_1_113' title='bbox 845 1939 1011 2003; x_wconf 81' lang='lat' dir='ltr'><strong>Marullus</strong></span> <span class='ocrx_word' id='word_1_114' title='bbox 1031 1959 1264 2004; x_wconf 77' lang='lat' dir='ltr'><strong>unocunsus</strong></span> <span class='ocrx_word' id='word_1_115' title='bbox 1287 1941 1358 2003; x_wconf 72' lang='grc' dir='ltr'><strong>ιἐεηι</strong></span> <span class='ocrx_word' id='word_1_116' title='bbox 1378 1942 1411 2002; x_wconf 80' lang='lat' dir='ltr'><strong>ie</strong></span> 
     </span>
     <span class='ocr_line' id='line_1_16' title="bbox 293 2034 1412 2126; baseline -0.002 -23"><span class='ocrx_word' id='word_1_117' title='bbox 293 2041 447 2126; x_wconf 80' lang='lat' dir='ltr'><strong>proclive.</strong></span> <span class='ocrx_word' id='word_1_118' title='bbox 464 2035 506 2100; x_wconf 92' lang='lat' dir='ltr'><strong>de</strong></span> <span class='ocrx_word' id='word_1_119' title='bbox 526 2035 779 2121; x_wconf 79' lang='lat' dir='ltr'><strong>praepositione</strong></span> <span class='ocrx_word' id='word_1_120' title='bbox 801 2045 912 2100; x_wconf 87' lang='lat' dir='ltr'><strong>tamen</strong></span> <span class='ocrx_word' id='word_1_121' title='bbox 935 2034 1120 2100; x_wconf 88' lang='lat' dir='ltr'><strong>dissentio:</strong></span> <span class='ocrx_word' id='word_1_122' title='bbox 1139 2057 1216 2100; x_wconf 89' lang='lat' dir='ltr'><strong>nam</strong></span> <span class='ocrx_word' id='word_1_123' title='bbox 1232 2035 1361 2100; x_wconf 81' lang='lat' dir='ltr'><strong>Gellius</strong></span> <span class='ocrx_word' id='word_1_124' title='bbox 1375 2039 1412 2102; x_wconf 92' lang='lat' dir='ltr'><strong>in</strong></span> 
     </span>
     <span class='ocr_line' id='line_1_17' title="bbox 298 2132 1411 2220; baseline 0.004 -19"><span class='ocrx_word' id='word_1_125' title='bbox 298 2137 380 2213; x_wconf 81' lang='lat' dir='ltr'>x,24</span> <span class='ocrx_word' id='word_1_126' title='bbox 393 2143 527 2200; x_wconf 85' lang='lat' dir='ltr'><strong>veteres</strong></span> <span class='ocrx_word' id='word_1_127' title='bbox 544 2135 682 2220; x_wconf 81' lang='lat' dir='ltr'><strong>proclive</strong></span> <span class='ocrx_word' id='word_1_128' title='bbox 699 2141 733 2197; x_wconf 90' lang='lat' dir='ltr'><strong>et</strong></span> <span class='ocrx_word' id='word_1_129' title='bbox 740 2135 875 2220; x_wconf 69' lang='lat' dir='ltr'><strong>proclivi</strong></span> <span class='ocrx_word' id='word_1_130' title='bbox 887 2132 1118 2199; x_wconf 84' lang='lat' dir='ltr'><strong>indifferenter</strong></span> <span class='ocrx_word' id='word_1_131' title='bbox 1132 2135 1288 2219; x_wconf 81' lang='lat' dir='ltr'><strong>posuisse</strong></span> <span class='ocrx_word' id='word_1_132' title='bbox 1309 2134 1411 2206; x_wconf 79' lang='lat' dir='ltr'><strong>dicit,</strong></span> 
     </span>
     <span class='ocr_line' id='line_1_18' title="bbox 297 2229 1409 2323; baseline -0.005 -21"><span class='ocrx_word' id='word_1_133' title='bbox 297 2237 399 2323; x_wconf 91' lang='lat' dir='ltr'><strong>idque</strong></span> <span class='ocrx_word' id='word_1_134' title='bbox 409 2235 458 2299; x_wconf 91' lang='lat' dir='ltr'><strong>ita</strong></span> <span class='ocrx_word' id='word_1_135' title='bbox 469 2240 508 2296; x_wconf 94' lang='lat' dir='ltr'><strong>ut</strong></span> <span class='ocrx_word' id='word_1_136' title='bbox 519 2253 559 2297; x_wconf 90' lang='lat' dir='ltr'><strong>ea</strong></span> <span class='ocrx_word' id='word_1_137' title='bbox 569 2229 809 2296; x_wconf 79' lang='lat' dir='ltr'><strong>adverbiorum</strong></span> <span class='ocrx_word' id='word_1_138' title='bbox 824 2230 900 2296; x_wconf 90' lang='lat' dir='ltr'><strong>loeo</strong></span> <span class='ocrx_word' id='word_1_139' title='bbox 912 2229 1072 2298; x_wconf 89' lang='lat' dir='ltr'><strong>habenda</strong></span> <span class='ocrx_word' id='word_1_140' title='bbox 1082 2253 1157 2296; x_wconf 90' lang='lat' dir='ltr'><strong>esse</strong></span> <span class='ocrx_word' id='word_1_141' title='bbox 1169 2232 1252 2296; x_wconf 88' lang='lat' dir='ltr'><strong>satis</strong></span> <span class='ocrx_word' id='word_1_142' title='bbox 1263 2231 1409 2298; x_wconf 88' lang='lat' dir='ltr'><strong>indicet.</strong></span> 
     </span>
     <span class='ocr_line' id='line_1_19' title="bbox 298 2327 1410 2422; baseline -0.004 -22"><span class='ocrx_word' id='word_1_143' title='bbox 298 2337 367 2422; x_wconf 84' lang='lat' dir='ltr'><strong>egit</strong></span> <span class='ocrx_word' id='word_1_144' title='bbox 382 2333 425 2398; x_wconf 92' lang='lat' dir='ltr'><strong>de</strong></span> <span class='ocrx_word' id='word_1_145' title='bbox 439 2329 506 2396; x_wconf 90' lang='lat' dir='ltr'><strong>boc</strong></span> <span class='ocrx_word' id='word_1_146' title='bbox 517 2351 640 2418; x_wconf 82' lang='lat' dir='ltr'><strong>genere</strong></span> <span class='ocrx_word' id='word_1_147' title='bbox 651 2329 831 2394; x_wconf 86' lang='lat' dir='ltr'><strong>Madvicus</strong></span> <span class='ocrx_word' id='word_1_148' title='bbox 843 2328 888 2392; x_wconf 88' lang='lat' dir='ltr'><strong>ed</strong></span> <span class='ocrx_word' id='word_1_149' title='bbox 901 2327 1097 2394; x_wconf 80' lang='lat' dir='ltr'><strong>Ciceronem</strong></span> <span class='ocrx_word' id='word_1_150' title='bbox 1109 2328 1153 2394; x_wconf 92' lang='lat' dir='ltr'><strong>de</strong></span> <span class='ocrx_word' id='word_1_151' title='bbox 1162 2329 1284 2394; x_wconf 89' lang='lat' dir='ltr'><strong>finibus</strong></span> <span class='ocrx_word' id='word_1_152' title='bbox 1295 2353 1328 2416; x_wconf 89' lang='lat' dir='ltr'><strong>p.</strong></span> <span class='ocrx_word' id='word_1_153' title='bbox 1337 2331 1410 2407; x_wconf 79' lang='grc'>766,</span> 
     </span>
     <span class='ocr_line' id='line_1_20' title="bbox 296 2428 1409 2518; baseline -0.004 -20"><span class='ocrx_word' id='word_1_154' title='bbox 296 2451 406 2518; x_wconf 91' lang='lat' dir='ltr'><strong>neque</strong></span> <span class='ocrx_word' id='word_1_155' title='bbox 421 2431 512 2494; x_wconf 88' lang='lat' dir='ltr'><strong>hunc</strong></span> <span class='ocrx_word' id='word_1_156' title='bbox 525 2428 674 2492; x_wconf 89' lang='lat' dir='ltr'><strong>Lucretii</strong></span> <span class='ocrx_word' id='word_1_157' title='bbox 688 2448 824 2491; x_wconf 90' lang='lat' dir='ltr'><strong>versum</strong></span> <span class='ocrx_word' id='word_1_158' title='bbox 839 2428 1084 2514; x_wconf 71' lang='lat' dir='ltr'><strong>praetermisits</strong></span> <span class='ocrx_word' id='word_1_159' title='bbox 1095 2429 1214 2493; x_wconf 88' lang='lat' dir='ltr'><strong>vellem</strong></span> <span class='ocrx_word' id='word_1_160' title='bbox 1227 2429 1263 2492; x_wconf 91' lang='lat' dir='ltr'><strong>in</strong></span> <span class='ocrx_word' id='word_1_161' title='bbox 1276 2429 1409 2494; x_wconf 89' lang='lat' dir='ltr'><strong>Tuscu·</strong></span> 
     </span>
     <span class='ocr_line' id='line_1_21' title="bbox 202 2524 1408 2615; baseline -0.002 -20"><span class='ocrx_word' id='word_1_162' title='bbox 202 2595 206 2604; x_wconf 77' lang='grc'>,</span> <span class='ocrx_word' id='word_1_163' title='bbox 297 2532 382 2595; x_wconf 88' lang='lat' dir='ltr'><strong>lanis</strong></span> <span class='ocrx_word' id='word_1_164' title='bbox 396 2527 492 2607; x_wconf 74' lang='lat' dir='ltr'><strong>rv,28</strong></span> <span class='ocrx_word' id='word_1_165' title='bbox 506 2527 688 2610; x_wconf 82' lang='lat' dir='ltr'><strong>probasset</strong></span> <span class='ocrx_word' id='word_1_166' title='bbox 702 2524 933 2590; x_wconf 91' lang='lat' dir='ltr'><strong>Bentleianum</strong></span> <span class='ocrx_word' id='word_1_167' title='bbox 948 2529 1085 2612; x_wconf 80' lang='lat' dir='ltr'><strong>proclive</strong></span> <span class='ocrx_word' id='word_1_168' title='bbox 1105 2528 1177 2591; x_wconf 89' lang='lat' dir='ltr'><strong>sive</strong></span> <span class='ocrx_word' id='word_1_169' title='bbox 1193 2527 1343 2612; x_wconf 75' lang='lat' dir='ltr'><strong>proclinet</strong></span> <span class='ocrx_word' id='word_1_170' title='bbox 1353 2529 1408 2615; x_wconf 83' lang='lat' dir='ltr'><strong>fe-</strong></span> 
     </span>
    </p>

    <p class='ocr_par' dir='ltr' id='par_1_5' title="bbox 297 2621 1407 2712">
     <span class='ocr_line' id='line_1_22' title="bbox 297 2621 1407 2712; baseline 0 -22"><span class='ocrx_word' id='word_1_171' title='bbox 297 2624 591 2708; x_wconf 63' lang='lat' dir='ltr'><strong>matur-proclive,</strong></span> <span class='ocrx_word' id='word_1_172' title='bbox 601 2622 803 2705; x_wconf 88' lang='lat' dir='ltr'><strong>inquam‚ut</strong></span> <span class='ocrx_word' id='word_1_173' title='bbox 810 2622 844 2684; x_wconf 92' lang='lat' dir='ltr'><strong>in</strong></span> <span class='ocrx_word' id='word_1_174' title='bbox 853 2621 959 2688; x_wconf 87' lang='lat' dir='ltr'><strong>Perse</strong></span> <span class='ocrx_word' id='word_1_175' title='bbox 968 2623 1080 2688; x_wconf 89' lang='lat' dir='ltr'><strong>Plauti</strong></span> <span class='ocrx_word' id='word_1_176' title='bbox 1090 2647 1125 2700; x_wconf 88' lang='lat'><strong>11,</strong></span> <span class='ocrx_word' id='word_1_177' title='bbox 1132 2625 1247 2699; x_wconf 59' lang='lat' dir='ltr'><strong>aedo</strong></span> <span class='ocrx_word' id='word_1_178' title='bbox 1255 2629 1392 2712; x_wconf 78' lang='lat' dir='ltr'><strong>seplimei</strong></span> <span class='ocrx_word' id='word_1_179' title='bbox 1400 2677 1407 2690; x_wconf 94' lang='lat'>.</span> 
     </span>
    </p>

    <p class='ocr_par' dir='ltr' id='par_1_6' title="bbox 297 2717 1411 3002">
     <span class='ocr_line' id='line_1_23' title="bbox 379 2717 1407 2788; baseline 0.003 -3"><span class='ocrx_word' id='word_1_180' title='bbox 379 2721 450 2785; x_wconf 81' lang='lat'><strong>456.</strong></span> <span class='ocrx_word' id='word_1_181' title='bbox 473 2717 611 2784; x_wconf 73' lang='lat' dir='ltr'><strong>Onera</strong></span> <span class='ocrx_word' id='word_1_182' title='bbox 637 2739 853 2783; x_wconf 78' lang='lat' dir='ltr'><strong>rosnesuo</strong></span> <span class='ocrx_word' id='word_1_183' title='bbox 877 2755 913 2770; x_wconf 90' lang='lat'>-</span> <span class='ocrx_word' id='word_1_184' title='bbox 943 2721 1014 2786; x_wconf 79' lang='lat'>458.</span> <span class='ocrx_word' id='word_1_185' title='bbox 1046 2722 1088 2786; x_wconf 68' lang='grc' dir='ltr'><strong>δι</strong></span> <span class='ocrx_word' id='word_1_186' title='bbox 1117 2745 1244 2788; x_wconf 77' lang='lat' dir='ltr'><strong>uinus</strong></span> <span class='ocrx_word' id='word_1_187' title='bbox 1272 2746 1407 2788; x_wconf 71' lang='lat' dir='ltr'><strong>eurus</strong></span> 
     </span>
     <span class='ocr_line' id='line_1_24' title="bbox 298 2814 1411 2887; baseline 0.001 -1"><span class='ocrx_word' id='word_1_188' title='bbox 298 2843 400 2886; x_wconf 76' lang='lat' dir='ltr'><strong>suno</strong></span> <span class='ocrx_word' id='word_1_189' title='bbox 415 2841 434 2880; x_wconf 88' lang='lat' dir='ltr'><strong>n</strong></span> <span class='ocrx_word' id='word_1_190' title='bbox 449 2837 627 2880; x_wconf 78' lang='lat' dir='ltr'><strong>nnvrnns</strong></span> <span class='ocrx_word' id='word_1_191' title='bbox 648 2864 655 2878; x_wconf 89' lang='lat'><strong>.</strong></span> <span class='ocrx_word' id='word_1_192' title='bbox 677 2814 784 2880; x_wconf 89' lang='lat' dir='ltr'><strong>Recte</strong></span> <span class='ocrx_word' id='word_1_193' title='bbox 798 2816 953 2881; x_wconf 86' lang='lat' dir='ltr'><strong>Muretus</strong></span> <span class='ocrx_word' id='word_1_194' title='bbox 969 2820 1118 2884; x_wconf 73' lang='lat' dir='ltr'><strong>siminus</strong></span> <span class='ocrx_word' id='word_1_195' title='bbox 1140 2823 1318 2886; x_wconf 81' lang='lat' dir='ltr'><strong>ounrnu’</strong></span> <span class='ocrx_word' id='word_1_196' title='bbox 1338 2837 1411 2887; x_wconf 75' lang='lat' dir='ltr'><strong>mat</strong></span> 
     </span>
     <span class='ocr_line' id='line_1_25' title="bbox 297 2913 709 3002; baseline -0.017 -19"><span class='ocrx_word' id='word_1_197' title='bbox 297 2943 313 2983; x_wconf 82' lang='lat' dir='ltr'><strong>e</strong></span> <span class='ocrx_word' id='word_1_198' title='bbox 327 2918 438 2982; x_wconf 78' lang='lat' dir='ltr'><strong>levidae</strong></span> <span class='ocrx_word' id='word_1_199' title='bbox 452 2925 542 3002; x_wconf 73' lang='lat' dir='ltr'><strong>otqae</strong></span> <span class='ocrx_word' id='word_1_200' title='bbox 555 2913 709 2978; x_wconf 75' lang='lat' dir='ltr'><strong>remedie.</strong></span> 
     </span>
    </p>

    <p class='ocr_par' dir='ltr' id='par_1_7' title="bbox 294 3013 1408 3388">
     <span class='ocr_line' id='line_1_26' title="bbox 378 3013 1407 3089; baseline 0.003 -9"><span class='ocrx_word' id='word_1_201' title='bbox 378 3014 449 3080; x_wconf 88' lang='grc'><strong>460.</strong></span> <span class='ocrx_word' id='word_1_202' title='bbox 465 3033 792 3089; x_wconf 75' lang='lat' dir='ltr'><strong>ennennoesoes</strong></span> <span class='ocrx_word' id='word_1_203' title='bbox 809 3035 937 3078; x_wconf 71' lang='lat' dir='ltr'><strong>sexu.</strong></span> <span class='ocrx_word' id='word_1_204' title='bbox 961 3013 1037 3079; x_wconf 90' lang='lat' dir='ltr'><strong>Hoc</strong></span> <span class='ocrx_word' id='word_1_205' title='bbox 1051 3015 1171 3080; x_wconf 90' lang='lat' dir='ltr'><strong>mirum</strong></span> <span class='ocrx_word' id='word_1_206' title='bbox 1185 3023 1239 3081; x_wconf 88' lang='lat' dir='ltr'><strong>eat</strong></span> <span class='ocrx_word' id='word_1_207' title='bbox 1254 3013 1407 3084; x_wconf 81' lang='lat' dir='ltr'><strong>desumo</strong></span> 
     </span>
     <span class='ocr_line' id='line_1_27' title="bbox 295 3109 1408 3199; baseline 0.003 -21"><span class='ocrx_word' id='word_1_208' title='bbox 295 3113 426 3180; x_wconf 87' lang='lat' dir='ltr'><strong>nebulis</strong></span> <span class='ocrx_word' id='word_1_209' title='bbox 449 3110 656 3195; x_wconf 76' lang='lat' dir='ltr'><strong>flammisque</strong></span> <span class='ocrx_word' id='word_1_210' title='bbox 679 3109 765 3185; x_wconf 87' lang='lat' dir='ltr'><strong>dici,</strong></span> <span class='ocrx_word' id='word_1_211' title='bbox 790 3111 913 3195; x_wconf 89' lang='lat' dir='ltr'><strong>quibus</strong></span> <span class='ocrx_word' id='word_1_212' title='bbox 935 3113 1042 3199; x_wconf 82' lang='lat' dir='ltr'><strong>magis</strong></span> <span class='ocrx_word' id='word_1_213' title='bbox 1066 3125 1328 3180; x_wconf 85' lang='lat' dir='ltr'><strong>consentaneum</strong></span> <span class='ocrx_word' id='word_1_214' title='bbox 1352 3126 1408 3182; x_wconf 89' lang='lat' dir='ltr'><strong>est</strong></span> 
     </span>
     <span class='ocr_line' id='line_1_28' title="bbox 296 3209 1406 3300; baseline 0.003 -24"><span class='ocrx_word' id='word_1_215' title='bbox 296 3214 435 3297; x_wconf 75' lang='lat' dir='ltr'><strong>Ptenpere</strong></span> <span class='ocrx_word' id='word_1_216' title='bbox 445 3211 489 3272; x_wconf 79' lang='lat' dir='ltr'><strong>uti</strong></span> <span class='ocrx_word' id='word_1_217' title='bbox 498 3209 615 3293; x_wconf 74' lang='lat' dir='ltr'><strong>possint</strong></span> <span class='ocrx_word' id='word_1_218' title='bbox 623 3229 732 3292; x_wconf 83' lang='lat' dir='ltr'><strong>corpus</strong></span> <span class='ocrx_word' id='word_1_219' title='bbox 741 3221 968 3296; x_wconf 64' lang='lat' dir='ltr'><strong>penetrareque</strong></span> <span class='ocrx_word' id='word_1_220' title='bbox 983 3231 1076 3275; x_wconf 82' lang='lat' dir='ltr'><strong>esen</strong></span> <span class='ocrx_word' id='word_1_221' title='bbox 1086 3261 1094 3291; x_wconf 89' lang='lat'><em>‚</em></span> <span class='ocrx_word' id='word_1_222' title='bbox 1106 3212 1235 3276; x_wconf 88' lang='lat' dir='ltr'><strong>scilicet</strong></span> <span class='ocrx_word' id='word_1_223' title='bbox 1249 3234 1286 3278; x_wconf 82' lang='lat' dir='ltr'><strong>ae</strong></span> <span class='ocrx_word' id='word_1_224' title='bbox 1300 3235 1406 3300; x_wconf 89' lang='lat' dir='ltr'><strong>pene-</strong></span> 
     </span>
     <span class='ocr_line' id='line_1_29' title="bbox 294 3309 589 3388; baseline -0.02 -15"><span class='ocrx_word' id='word_1_225' title='bbox 294 3321 385 3374; x_wconf 89' lang='lat' dir='ltr'><strong>trare</strong></span> <span class='ocrx_word' id='word_1_226' title='bbox 398 3309 433 3370; x_wconf 91' lang='lat' dir='ltr'><strong>in</strong></span> <span class='ocrx_word' id='word_1_227' title='bbox 449 3325 589 3388; x_wconf 91' lang='lat' dir='ltr'><strong>corpus.</strong></span> 
     </span>
    </p>

    <p class='ocr_par' dir='ltr' id='par_1_8' title="bbox 290 3403 1410 4178">
     <span class='ocr_line' id='line_1_30' title="bbox 378 3403 1406 3476; baseline 0.008 -11"><span class='ocrx_word' id='word_1_228' title='bbox 378 3403 571 3476; x_wconf 73' lang='lat' dir='ltr'><strong>tilloneo</strong></span> <span class='ocrx_word' id='word_1_229' title='bbox 593 3421 755 3474; x_wconf 80' lang='lat' dir='ltr'><strong>cunone</strong></span> <span class='ocrx_word' id='word_1_230' title='bbox 779 3403 1174 3472; x_wconf 77' lang='lat' dir='ltr'><strong>vinnuusSsnsrnns</strong></span> <span class='ocrx_word' id='word_1_231' title='bbox 1197 3429 1406 3473; x_wconf 72' lang='lat' dir='ltr'><strong>sennenn.</strong></span> 
     </span>
     <span class='ocr_line' id='line_1_31' title="bbox 293 3495 1410 3593; baseline 0.005 -28"><span class='ocrx_word' id='word_1_232' title='bbox 293 3503 333 3566; x_wconf 93' lang='lat' dir='ltr'><strong>In</strong></span> <span class='ocrx_word' id='word_1_233' title='bbox 347 3501 400 3564; x_wconf 91' lang='lat' dir='ltr'><strong>his</strong></span> <span class='ocrx_word' id='word_1_234' title='bbox 415 3499 558 3582; x_wconf 83' lang='lat' dir='ltr'><strong>primurn</strong></span> <span class='ocrx_word' id='word_1_235' title='bbox 572 3497 648 3560; x_wconf 89' lang='lat' dir='ltr'><strong>Itali</strong></span> <span class='ocrx_word' id='word_1_236' title='bbox 665 3495 820 3563; x_wconf 86' lang='lat' dir='ltr'><strong>feceruut</strong></span> <span class='ocrx_word' id='word_1_237' title='bbox 834 3523 895 3564; x_wconf 82' lang='lat' dir='ltr'><strong>esse</strong></span> <span class='ocrx_word' id='word_1_238' title='bbox 909 3503 1013 3565; x_wconf 70' lang='lat' dir='ltr'><strong>dottam</strong></span> <span class='ocrx_word' id='word_1_239' title='bbox 1031 3551 1039 3580; x_wconf 90' lang='lat'>,</span> <span class='ocrx_word' id='word_1_240' title='bbox 1056 3511 1127 3567; x_wconf 88' lang='lat' dir='ltr'><strong>tum</strong></span> <span class='ocrx_word' id='word_1_241' title='bbox 1142 3505 1307 3570; x_wconf 83' lang='lat' dir='ltr'><strong>lllarullus</strong></span> <span class='ocrx_word' id='word_1_242' title='bbox 1321 3509 1410 3593; x_wconf 79' lang='lat' dir='ltr'><strong>quod</strong></span> 
     </span>
     <span class='ocr_line' id='line_1_32' title="bbox 293 3596 1406 3687; baseline 0.005 -25"><span class='ocrx_word' id='word_1_243' title='bbox 293 3601 419 3686; x_wconf 66' lang='lat' dir='ltr'><strong>qvasqve</strong></span> <span class='ocrx_word' id='word_1_244' title='bbox 438 3597 572 3658; x_wconf 72' lang='grc' dir='ltr'><strong>υἱάεηιω</strong></span> <span class='ocrx_word' id='word_1_245' title='bbox 590 3641 598 3672; x_wconf 90' lang='grc'><strong>,</strong></span> <span class='ocrx_word' id='word_1_246' title='bbox 621 3604 794 3678; x_wconf 86' lang='lat' dir='ltr'><strong>postremo</strong></span> <span class='ocrx_word' id='word_1_247' title='bbox 810 3596 920 3663; x_wconf 86' lang='lat' dir='ltr'><strong>Faber</strong></span> <span class='ocrx_word' id='word_1_248' title='bbox 937 3601 1076 3663; x_wconf 66' lang='lat' dir='ltr'><strong>deditio</strong></span> <span class='ocrx_word' id='word_1_249' title='bbox 1091 3627 1103 3682; x_wconf 90' lang='lat'><em>;</em></span> <span class='ocrx_word' id='word_1_250' title='bbox 1120 3603 1156 3665; x_wconf 90' lang='lat' dir='ltr'><strong>in</strong></span> <span class='ocrx_word' id='word_1_251' title='bbox 1176 3603 1298 3687; x_wconf 91' lang='lat' dir='ltr'><strong>quibus</strong></span> <span class='ocrx_word' id='word_1_252' title='bbox 1320 3605 1406 3668; x_wconf 88' lang='lat' dir='ltr'><strong>nibil</strong></span> 
     </span>
     <span class='ocr_line' id='line_1_33' title="bbox 294 3691 1406 3766; baseline 0.004 -5"><span class='ocrx_word' id='word_1_253' title='bbox 294 3695 368 3760; x_wconf 89' lang='lat' dir='ltr'><strong>sani</strong></span> <span class='ocrx_word' id='word_1_254' title='bbox 383 3701 435 3757; x_wconf 90' lang='lat' dir='ltr'><strong>est</strong></span> <span class='ocrx_word' id='word_1_255' title='bbox 445 3742 452 3756; x_wconf 92' lang='lat'><strong>.</strong></span> <span class='ocrx_word' id='word_1_256' title='bbox 464 3713 550 3756; x_wconf 89' lang='lat' dir='ltr'><strong>unus</strong></span> <span class='ocrx_word' id='word_1_257' title='bbox 563 3691 746 3758; x_wconf 90' lang='lat' dir='ltr'><strong>Creochius</strong></span> <span class='ocrx_word' id='word_1_258' title='bbox 759 3705 852 3760; x_wconf 88' lang='lat' dir='ltr'><strong>recte</strong></span> <span class='ocrx_word' id='word_1_259' title='bbox 865 3691 1133 3764; x_wconf 81' lang='lat' dir='ltr'><strong>vidit‘debnisse</strong></span> <span class='ocrx_word' id='word_1_260' title='bbox 1144 3700 1339 3766; x_wconf 85' lang='lat' dir='ltr'><strong>Lucretium</strong></span> <span class='ocrx_word' id='word_1_261' title='bbox 1353 3702 1406 3766; x_wconf 83' lang='lat' dir='ltr'><strong>as-</strong></span> 
     </span>
     <span class='ocr_line' id='line_1_34' title="bbox 292 3789 1405 3880; baseline 0.006 -22"><span class='ocrx_word' id='word_1_262' title='bbox 292 3794 424 3858; x_wconf 81' lang='lat' dir='ltr'><strong>firmare</strong></span> <span class='ocrx_word' id='word_1_263' title='bbox 445 3789 549 3854; x_wconf 89' lang='lat' dir='ltr'><strong>fluida</strong></span> <span class='ocrx_word' id='word_1_264' title='bbox 569 3790 637 3853; x_wconf 87' lang='lat' dir='ltr'><strong>ista</strong></span> <span class='ocrx_word' id='word_1_265' title='bbox 657 3793 839 3877; x_wconf 83' lang='lat' dir='ltr'><strong>pungentia</strong></span> <span class='ocrx_word' id='word_1_266' title='bbox 861 3802 896 3858; x_wconf 92' lang='lat' dir='ltr'><strong>et</strong></span> <span class='ocrx_word' id='word_1_267' title='bbox 917 3797 1132 3880; x_wconf 79' lang='lat' dir='ltr'><strong>penetrantia</strong></span> <span class='ocrx_word' id='word_1_268' title='bbox 1152 3805 1253 3861; x_wconf 82' lang='lat' dir='ltr'><strong>acute</strong></span> <span class='ocrx_word' id='word_1_269' title='bbox 1274 3800 1405 3864; x_wconf 87' lang='lat' dir='ltr'><strong>semina</strong></span> 
     </span>
     <span class='ocr_line' id='line_1_35' title="bbox 292 3887 1403 3972; baseline 0.009 -19"><span class='ocrx_word' id='word_1_270' title='bbox 292 3911 360 3954; x_wconf 91' lang='lat' dir='ltr'><strong>non</strong></span> <span class='ocrx_word' id='word_1_271' title='bbox 374 3888 483 3952; x_wconf 88' lang='lat' dir='ltr'><strong>minus</strong></span> <span class='ocrx_word' id='word_1_272' title='bbox 498 3907 597 3972; x_wconf 88' lang='lat' dir='ltr'><strong>quam</strong></span> <span class='ocrx_word' id='word_1_273' title='bbox 612 3887 700 3950; x_wconf 87' lang='lat' dir='ltr'><strong>levia</strong></span> <span class='ocrx_word' id='word_1_274' title='bbox 714 3896 749 3952; x_wconf 90' lang='lat' dir='ltr'><strong>et</strong></span> <span class='ocrx_word' id='word_1_275' title='bbox 763 3889 912 3954; x_wconf 88' lang='lat' dir='ltr'><strong>rotunda</strong></span> <span class='ocrx_word' id='word_1_276' title='bbox 927 3892 1099 3957; x_wconf 89' lang='lat' dir='ltr'><strong>continere</strong></span> <span class='ocrx_word' id='word_1_277' title='bbox 1108 3897 1125 3957; x_wconf 88' lang='lat'><strong>.’</strong></span> <span class='ocrx_word' id='word_1_278' title='bbox 1137 3895 1267 3960; x_wconf 88' lang='lat' dir='ltr'><strong>seilicet</strong></span> <span class='ocrx_word' id='word_1_279' title='bbox 1282 3896 1403 3962; x_wconf 88' lang='lat' dir='ltr'><strong>eadem</strong></span> 
     </span>
     <span class='ocr_line' id='line_1_36' title="bbox 290 3985 1402 4077; baseline 0.007 -27"><span class='ocrx_word' id='word_1_280' title='bbox 290 3987 349 4050; x_wconf 90' lang='lat' dir='ltr'><strong>illa</strong></span> <span class='ocrx_word' id='word_1_281' title='bbox 362 3985 418 4050; x_wconf 90' lang='lat' dir='ltr'><strong>hic</strong></span> <span class='ocrx_word' id='word_1_282' title='bbox 432 3985 661 4070; x_wconf 87' lang='lat' dir='ltr'><strong>significantur</strong></span> <span class='ocrx_word' id='word_1_283' title='bbox 677 4034 685 4060; x_wconf 87' lang='lat'>‚</span> <span class='ocrx_word' id='word_1_284' title='bbox 710 3987 849 4072; x_wconf 76' lang='lat' dir='ltr'><strong>Paupere</strong></span> <span class='ocrx_word' id='word_1_285' title='bbox 863 4012 942 4075; x_wconf 79' lang='lat' dir='ltr'><strong>quoe</strong></span> <span class='ocrx_word' id='word_1_286' title='bbox 950 4003 1079 4074; x_wconf 69' lang='lat' dir='ltr'><strong>pweam</strong></span> <span class='ocrx_word' id='word_1_287' title='bbox 1091 4015 1202 4077; x_wconf 73' lang='lat' dir='ltr'><strong>emptae</strong></span> <span class='ocrx_word' id='word_1_288' title='bbox 1216 3993 1287 4058; x_wconf 85' lang='lat' dir='ltr'><strong>Nec</strong></span> <span class='ocrx_word' id='word_1_289' title='bbox 1301 4007 1402 4060; x_wconf 73' lang='lat' dir='ltr'><strong>taram</strong></span> 
     </span>
     <span class='ocr_line' id='line_1_37' title="bbox 291 4081 1403 4178; baseline 0.011 -31"><span class='ocrx_word' id='word_1_290' title='bbox 291 4083 417 4148; x_wconf 73' lang='lat' dir='ltr'><strong>lucrm</strong></span> <span class='ocrx_word' id='word_1_291' title='bbox 430 4084 509 4144; x_wconf 78' lang='lat' dir='ltr'><strong>inter</strong></span> <span class='ocrx_word' id='word_1_292' title='bbox 521 4105 568 4144; x_wconf 84' lang='lat' dir='ltr'><strong>se.</strong></span> <span class='ocrx_word' id='word_1_293' title='bbox 581 4081 647 4146; x_wconf 88' lang='lat' dir='ltr'><strong>hoc</strong></span> <span class='ocrx_word' id='word_1_294' title='bbox 660 4083 832 4150; x_wconf 89' lang='lat' dir='ltr'><strong>intellecto</strong></span> <span class='ocrx_word' id='word_1_295' title='bbox 848 4085 987 4171; x_wconf 90' lang='lat' dir='ltr'><strong>(debuit</strong></span> <span class='ocrx_word' id='word_1_296' title='bbox 998 4097 1109 4154; x_wconf 90' lang='lat' dir='ltr'><strong>autem</strong></span> <span class='ocrx_word' id='word_1_297' title='bbox 1125 4089 1191 4154; x_wconf 91' lang='lat' dir='ltr'><strong>hoc</strong></span> <span class='ocrx_word' id='word_1_298' title='bbox 1206 4113 1294 4156; x_wconf 87' lang='lat' dir='ltr'><strong>unus</strong></span> <span class='ocrx_word' id='word_1_299' title='bbox 1309 4095 1403 4178; x_wconf 88' lang='lat' dir='ltr'><strong>quis·</strong></span> 
     </span>
    </p>

    <p class='ocr_par' dir='ltr' id='par_1_9' title="bbox 265 4177 1403 4470">
     <span class='ocr_line' id='line_1_38' title="bbox 265 4177 1403 4273; baseline 0.011 -29"><span class='ocrx_word' id='word_1_300' title='bbox 265 4241 269 4250; x_wconf 80' lang='grc'><strong>,</strong></span> <span class='ocrx_word' id='word_1_301' title='bbox 292 4202 358 4266; x_wconf 90' lang='lat' dir='ltr'><strong>que</strong></span> <span class='ocrx_word' id='word_1_302' title='bbox 371 4177 585 4264; x_wconf 86' lang='lat' dir='ltr'><strong>intellegere)</strong></span> <span class='ocrx_word' id='word_1_303' title='bbox 599 4181 635 4243; x_wconf 91' lang='lat' dir='ltr'><strong>in</strong></span> <span class='ocrx_word' id='word_1_304' title='bbox 650 4180 779 4266; x_wconf 88' lang='lat' dir='ltr'><strong>aliquot</strong></span> <span class='ocrx_word' id='word_1_305' title='bbox 794 4182 915 4247; x_wconf 87' lang='lat' dir='ltr'><strong>litteris</strong></span> <span class='ocrx_word' id='word_1_306' title='bbox 929 4205 1036 4268; x_wconf 82' lang='lat' dir='ltr'><strong>prave</strong></span> <span class='ocrx_word' id='word_1_307' title='bbox 1050 4189 1187 4273; x_wconf 86' lang='lat' dir='ltr'><strong>scriptis</strong></span> <span class='ocrx_word' id='word_1_308' title='bbox 1197 4209 1294 4253; x_wconf 92' lang='lat' dir='ltr'><strong>mora</strong></span> <span class='ocrx_word' id='word_1_309' title='bbox 1308 4191 1403 4255; x_wconf 89' lang='lat' dir='ltr'><strong>nulla</strong></span> 
     </span>
     <span class='ocr_line' id='line_1_39' title="bbox 290 4275 1400 4363; baseline 0.012 -21"><span class='ocrx_word' id='word_1_310' title='bbox 290 4297 365 4342; x_wconf 89' lang='lat' dir='ltr'><strong>esse</strong></span> <span class='ocrx_word' id='word_1_311' title='bbox 379 4281 510 4361; x_wconf 86' lang='lat' dir='ltr'><strong>potest,</strong></span> <span class='ocrx_word' id='word_1_312' title='bbox 520 4275 582 4340; x_wconf 87' lang='lat' dir='ltr'><strong>sed</strong></span> <span class='ocrx_word' id='word_1_313' title='bbox 592 4279 697 4344; x_wconf 86' lang='lat' dir='ltr'><strong>verba</strong></span> <span class='ocrx_word' id='word_1_314' title='bbox 711 4279 786 4363; x_wconf 88' lang='lat' dir='ltr'><strong>ipsa</strong></span> <span class='ocrx_word' id='word_1_315' title='bbox 801 4281 1001 4345; x_wconf 87' lang='lat' dir='ltr'><strong>sententiam</strong></span> <span class='ocrx_word' id='word_1_316' title='bbox 1014 4285 1268 4360; x_wconf 89' lang='lat' dir='ltr'><strong>seeuntur‚hoc</strong></span> <span class='ocrx_word' id='word_1_317' title='bbox 1279 4289 1400 4358; x_wconf 73' lang='lat' dir='ltr'><strong>modo.</strong></span> 
     </span>
     <span class='ocr_line' id='line_1_40' title="bbox 288 4375 1401 4470; baseline 0.012 -33"><span class='ocrx_word' id='word_1_318' title='bbox 288 4375 371 4460; x_wconf 83' lang='lat' dir='ltr'><strong>quod</strong></span> <span class='ocrx_word' id='word_1_319' title='bbox 384 4393 510 4458; x_wconf 67' lang='lat' dir='ltr'><strong>memque</strong></span> <span class='ocrx_word' id='word_1_320' title='bbox 525 4395 773 4439; x_wconf 64' lang='lat' dir='ltr'><strong>venementer</strong></span> <span class='ocrx_word' id='word_1_321' title='bbox 787 4376 1007 4458; x_wconf 70' lang='lat' dir='ltr'><strong>Sewibu&#39;,eed</strong></span> <span class='ocrx_word' id='word_1_322' title='bbox 1021 4403 1156 4446; x_wconf 74' lang='lat' dir='ltr'><strong>annun</strong></span> <span class='ocrx_word' id='word_1_323' title='bbox 1169 4433 1175 4446; x_wconf 95' lang='lat'>.</span> <span class='ocrx_word' id='word_1_324' title='bbox 1190 4385 1308 4470; x_wconf 83' lang='lat' dir='ltr'><strong>itaque</strong></span> <span class='ocrx_word' id='word_1_325' title='bbox 1321 4411 1401 4452; x_wconf 81' lang='lat' dir='ltr'><strong>rom</strong></span> 
     </span>
    </p>
   </div>
   <div class='ocr_carea' id='block_1_3' title="bbox 287 4470 1401 4568">
    <p class='ocr_par' dir='ltr' id='par_1_10' title="bbox 287 4470 1401 4568">
     <span class='ocr_line' id='line_1_41' title="bbox 287 4470 1401 4568; baseline 0.013 -35"><span class='ocrx_word' id='word_1_326' title='bbox 287 4470 398 4545; x_wconf 87' lang='lat' dir='ltr'><strong>haee,</strong></span> <span class='ocrx_word' id='word_1_327' title='bbox 421 4492 499 4556; x_wconf 69' lang='lat' dir='ltr'><strong>pem</strong></span> <span class='ocrx_word' id='word_1_328' title='bbox 517 4483 631 4556; x_wconf 69' lang='lat' dir='ltr'><strong>piciclo</strong></span> <span class='ocrx_word' id='word_1_329' title='bbox 652 4483 784 4557; x_wconf 80' lang='lat' dir='ltr'><strong>tempore</strong></span> <span class='ocrx_word' id='word_1_330' title='bbox 805 4475 903 4538; x_wconf 79' lang='lat' dir='ltr'><strong>cernis</strong></span> <span class='ocrx_word' id='word_1_331' title='bbox 924 4477 1111 4564; x_wconf 69' lang='lat' dir='ltr'><strong>Ibffitpere,</strong></span> <span class='ocrx_word' id='word_1_332' title='bbox 1135 4481 1213 4565; x_wconf 88' lang='lat' dir='ltr'><strong>quia</strong></span> <span class='ocrx_word' id='word_1_333' title='bbox 1241 4493 1401 4568; x_wconf 87' lang='lat' dir='ltr'><strong>pungunt</strong></span> 
     </span>
    </p>
   </div>
   <div class='ocr_carea' id='block_1_4' title="bbox 0 0 1522 5198">
    <p class='ocr_par' dir='ltr' id='par_1_11' title="bbox 0 0 1522 5198">
     <span class='ocr_line' id='line_1_42' title="bbox 0 0 1522 5198; baseline 0 5"><span class='ocrx_word' id='word_1_334' title='bbox 0 0 1522 5198; x_wconf 95' lang='lat' dir='ltr'><strong> </strong></span> 
     </span>
    </p>
   </div>
  </div>
 </body>
</html>
