2990 5202
653 482 702 550 IV
1161 487 1230 556 239

122 679 194 722 nus
217 679 312 722 s1ur
335 677 571 721 comenses
592 675 842 720 uuesssesr.
870 652 1066 734 Quadratus
1089 657 1133 722 Ee
1152 663 1235 746 quod

120 757 264 820 mollessit
279 755 414 840 pelidem
437 780 447 817 :
477 753 644 839 oblongus
666 752 815 818 coloribus
835 754 901 817 sinc
923 757 1109 820 coniuncto.
1139 758 1232 824 inre

122 862 242 938 operto
257 853 400 938 (olerum
417 861 469 916 est
485 852 570 916 enim
584 851 640 916 hio
654 851 690 915 id
705 850 772 916 diei
787 849 881 936 quod
896 871 938 914 ex
952 851 1089 937 Epicuri
1104 873 1233 922 esnone

121 953 228 1017 hebet
241 951 398 1015 Laertius
412 950 582 1036 Diogenes
597 950 680 1026 x‚32
704 948 740 1022 oi
764 946 819 1034 sip
834 946 902 1012 τώκ
918 948 1025 1021 sittim
1042 952 1094 1014 elci
1110 956 1231 1038 xpirrxol

122 1048 148 1112 ei
171 1049 407 1123 iuouoioseoeic
430 1047 602 1133 etcescec)
625 1068 712 1112 unus
727 1045 899 1110 Bentleius
919 1045 1007 1110 vidit
1027 1046 1072 1111 sd
1089 1051 1232 1132 primum

121 1147 304 1212 membrum
320 1145 441 1210 deesse
460 1167 664 1221 sennenn,
684 1143 788 1230 idque
804 1163 845 1207 eo
859 1142 935 1207 loeo
949 1145 1142 1228 ponendum
1159 1169 1232 1212 esse

122 1267 190 1330 quo
205 1244 329 1331 legitur
341 1245 438 1309 videri
453 1291 461 1308 .
482 1244 545 1308 sed
567 1241 710 1309 eundem
731 1243 833 1307 miror
847 1261 917 1305 non
930 1241 1136 1308 intellexisse
1149 1245 1233 1309 illud

122 1341 264 1406 alterum
277 1353 421 1408 necessest
434 1363 597 1429 perquem
615 1341 729 1426 inepte
745 1361 786 1405 ex
802 1339 1033 1424 superioribus
1053 1342 1234 1424 repetitum

122 1461 198 1506 esse
207 1463 215 1517 3
225 1441 261 1504 in
276 1441 370 1505 sirius
381 1440 492 1504 locum
502 1438 773 1506 substituendum
785 1445 838 1502 est
851 1459 1006 1502 vrunne
1018 1485 1027 1512 ‚
1041 1459 1109 1502 non
1119 1441 1216 1505 videri
1223 1489 1232 1520 ,

122 1539 202 1622 quie
223 1538 410 1622 praecessit
430 1538 561 1602 eostre.
584 1539 697 1602 colores
718 1543 829 1600 eutem
847 1559 953 1600 rerum
967 1534 1023 1600 hic
1038 1538 1233 1621 superficies

122 1635 298 1711 dieuntur‚
313 1635 462 1700 coloribus
476 1637 635 1701 coniuncta
648 1634 705 1700 hio
719 1635 805 1698 utin
821 1633 907 1698 libro
922 1656 957 1708 ιι,
966 1634 1026 1698 743
1042 1634 1156 1701 eolore
1171 1638 1232 1701 ob·

122 1732 227 1797 ‹luete
241 1741 276 1797 et
290 1732 450 1799 visibilis.

204 1830 275 1896 494.
290 1851 465 1896 seorsus
481 1851 642 1894 ononss
657 1828 932 1904 Nsscsurue,
947 1851 1103 1895 sonsum
1118 1853 1232 1896 soru-

123 1951 143 1990 r
153 1948 216 1992 os.
232 1930 413 1994 Nascantur
427 1929 499 1992 sine
514 1948 618 1993 eausa
631 1947 652 1992 a
664 1949 784 1992 necesse
799 1939 857 2006 eet,
870 1926 962 2012 quod
978 1927 1147 2013 sequitur,
1159 1951 1232 1994 sus-

122 2046 263 2109 pensum
285 2033 338 2090 est
353 2074 361 2090 .
377 2026 584 2091 Veronensis
606 2023 711 2090 editio
733 2033 769 2090 et
781 2025 947 2090 Marullus
961 2026 1231 2092 Nescourun.

122 2131 272 2188 ceterum
295 2125 462 2210 oblongus
476 2125 578 2209 poulo
595 2131 673 2188 ente
686 2121 793 2188 habet
808 2123 951 2189 Seorsum
972 2125 1064 2204 ben,
1087 2125 1232 2210 quodra-

120 2229 178 2286 tus
192 2222 248 2286 hie
261 2244 396 2287 seor-seem
409 2224 538 2287 sonitus.

206 2320 276 2383 496.
299 2319 388 2384 Nou
409 2341 612 2384 rossusr.
635 2320 711 2384 Itali
732 2341 929 2384 rossrur.
950 2341 1030 2386 mox
1045 2320 1233 2406 quadratus

122 2418 192 2482 Nec
200 2439 300 2502 porro
308 2429 407 2504 potest
420 2420 494 2504 ipsi

208 2516 278 2580 498.
300 2517 439 2591 Aeone
462 2535 603 2580 rrnrs.
625 2515 703 2580 lteli
723 2516 887 2591 Auens.

205 2614 277 2681 500.
298 2637 381 2680 uos
402 2635 600 2678 rornnrs.
621 2612 696 2678 Itali
711 2619 746 2676 et
759 2613 914 2698 impressi
929 2635 1126 2679 rorsurr.
1185 2649 1189 2660 ι

204 2713 274 2779 501.
286 2733 424 2778 rosrffl
440 2732 709 2788 onnonnrsu.
723 2710 1072 2797 [eimtimquodrstus.
1084 2731 1231 2776 ruxrru

122 2833 348 2889 Quinem
361 2810 453 2875 Itali.

206 2908 275 2973 502.
298 2929 471 2972 nnrrorr
492 2928 699 2971 susurru.
723 2905 917 2985 Quadratus
931 2908 1063 2971 rationes
1078 2909 1231 2992 epmitim.

122 3029 319 3072 enrrours
334 3012 509 3069 sorreetor
524 3003 681 3087 oblongi.
696 3002 773 3066 Itali
788 3010 822 3065 et
836 3003 991 3086 impressi
1006 3023 1211 3067 susurru.

201 3104 277 3176 511.
300 3123 445 3166 enses.
469 3097 645 3183 Oblongns
661 3121 752 3178 cosa,
768 3097 955 3184 quadratus
971 3105 1049 3162 ante
1065 3119 1165 3183 quam
1179 3121 1232 3164 ra-

123 3201 264 3266 deretur
286 3221 405 3264 cossom
420 3247 426 3260 .
449 3219 524 3261 eum
538 3217 672 3261 versum
689 3197 745 3282 qui
760 3198 851 3261 huno
865 3196 1042 3282 praeeedit
1056 3217 1076 3260 a
1090 3197 1233 3262 Leiden-

123 3297 218 3362 sibus
230 3297 350 3360 abesse
360 3295 615 3378 Havereompus
628 3295 763 3358 scribit.
776 3294 891 3359 adest:
902 3295 936 3358 in
951 3301 1097 3380 utroque
1111 3296 1234 3382 legitur

123 3396 280 3460 emeterio
295 3394 425 3482 poesim
439 3442 445 3456 .
467 3393 502 3456 in
523 3393 697 3477 superiore
711 3392 773 3458 509
788 3393 954 3478 oblongus
972 3415 1030 3480 que
1048 3395 1129 3471 usu,
1152 3415 1233 3480 qua·

123 3494 243 3559 dratus
259 3515 338 3579 quae
350 3495 426 3556 sint.

207 3590 278 3654 514.
293 3590 522 3665 Nonueoor
538 3611 622 3654 s1n1
638 3611 820 3653 rrnrmx.
837 3588 1019 3654 Correotor
1031 3590 1189 3674 quadrati
1200 3599 1235 3654 et

123 3689 197 3754 Itali
218 3711 273 3752 sr.

209 3787 278 3852 516.
294 3807 469 3851 οιιετιιηι
485 3807 662 3850 useessn
677 3783 1052 3870 nsr.Itaquedmtus:
1068 3787 1234 3872 oblongus

123 3887 239 3971 obstipo
256 3909 378 3950 necessu
398 3895 462 3964 est,
484 3883 577 3970 apud
598 3883 734 3948 Festum
758 3907 789 3969 p.
804 3882 873 3959 193,
885 3882 925 3946 30
946 3882 1040 3946 Moli
1059 3884 1163 3948 obertu
1181 3907 1234 3950 ue·

124 4007 203 4048 cesse
218 3996 274 4048 est.

208 4081 276 4144 517.
298 4080 465 4144 Penus.
487 4077 828 4142 MarullusPnnvn.

209 4177 277 4242 526.
294 4175 512 4242 Conronss
536 4197 700 4254 onoour
724 4196 823 4239 nrru
847 4194 1059 4242 cousrssn
1080 4199 1234 4242 rerun-

124 4298 272 4342 onusr.
286 4276 362 4341 lteli
372 4285 407 4340 et
417 4278 571 4364 impressi
587 4277 771 4362 Corporeum
781 4297 899 4362 quoque
911 4277 992 4340 enim
1001 4299 1120 4342 oecon.
1136 4277 1234 4340 immo

125 4375 529 4440 Connonrsnvocsu
544 4397 661 4462 quoque
677 4377 773 4438 enim.

208 4472 532 4538 528.Puerr1·:nee
547 4494 690 4536 nourr.
707 4471 764 4536 Sio
776 4469 943 4556 oblongus
956 4477 991 4535 et
1003 4469 1129 4534 Gellius
1141 4467 1233 4542 x‚2t:
