2990 5202
649 491 697 562 lll
1157 493 1225 564 179

108 663 451 746 Quadratusminouti
471 667 619 732 omittit:
644 664 735 734 idem
755 668 791 731 in
810 686 912 732 versu
932 665 1036 730 tertio
1056 667 1225 734 discedere.

108 770 286 829 corrector
308 762 447 850 oblongi
469 771 504 828 et
523 763 600 830 Itali
622 763 777 850 Serpentis
798 765 921 830 cando.
940 764 1107 830 Aventius
1129 764 1226 832 dedit

109 862 268 926 caudam:
288 860 369 926 inde
389 860 470 926 Pius
490 863 635 928 6666666
656 861 813 948 Serpentis
833 863 965 928 cuondam
987 911 994 926 .
1019 863 1087 930 hoc
1110 885 1225 949 quom·

109 979 212 1044 quem
226 957 321 1024 multi
335 960 528 1043 probarunt
542 1007 550 1036 ,
572 967 690 1046 operte
709 958 832 1026 fulsum
846 966 917 1026 est:
939 981 1017 1026 nom
1031 968 1140 1026 totam
1154 985 1225 1028 ser·

109 1064 247 1143 pentem
262 1056 406 1132 discidi,
427 1078 497 1122 non
519 1063 652 1122 tontum
667 1056 810 1122 caudam
826 1103 835 1134 ,
854 1077 873 1122 e
887 1059 1049 1142 proximis
1064 1069 1225 1147 opponet,

109 1155 169 1222 ubi
185 1163 239 1220 est
252 1155 358 1242 166666
370 1148 461 1243 seque
475 1166 556 1220 retro
564 1167 689 1242 partem
697 1167 803 1242 petere
817 1178 869 1220 ore
876 1157 1017 1240 priorem
1032 1203 1039 1220 .
1058 1166 1151 1222 recte
1164 1159 1225 1244 igi-
1337 1149 1341 1158 ’

109 1261 168 1318 tur
177 1253 344 1320 Marullus
355 1253 774 1341 scripsitSsnrnurnu.
795 1253 966 1318 tumidcm
976 1255 1082 1340 66966
1091 1256 1226 1323 nitrosis

108 1351 261 1418 mirorem
273 1387 309 1400 -
324 1363 354 1417 et
366 1352 483 1418 caudae
491 1373 623 1437 procem
638 1374 788 1438 corpore:
808 1351 911 1436 pnulo
927 1350 1113 1438 elegantius
1132 1397 1141 1430 ‚
1161 1351 1226 1418 nisi

111 1447 207 1534 quod
223 1449 377 1536 Serpentis
391 1449 536 1526 retinet,
551 1447 784 1514 Wakefieldus
799 1450 906 1535 166966
918 1449 1077 1529 citrum,
1097 1451 1227 1516 munus·

113 1587 149 1598 -
167 1549 268 1612 cauda
282 1559 311 1614 et
316 1571 449 1634 procero
464 1570 591 1634 corpore
614 1597 623 1613 .
647 1547 733 1612 alter
753 1546 839 1612 du'ss
861 1548 1030 1632 serpentis
1043 1557 1160 1632 partes
1174 1549 1225 1614 lo·

110 1645 180 1721 cit,
200 1646 286 1712 ulter
300 1657 372 1711 trec
396 1694 404 1711 .
426 1645 531 1712 nihilo
546 1647 656 1712 minus
669 1647 700 1712 is
715 1645 774 1731 qui
788 1653 860 1710 tres
874 1644 958 1711 lacit
978 1691 987 1721 ,
1009 1645 1125 1712 nescio
1141 1666 1224 1731 quo·

110 1742 213 1810 modo
228 1756 389 1832 otrumqroe
402 1745 549 1831 serpentis
562 1791 571 1824 ,
592 1743 630 1809 id
644 1751 697 1810 cst
711 1791 720 1820 ‚
741 1751 779 1808 ut
792 1743 858 1828 ipsi
872 1740 1028 1818 videtur,
1047 1752 1225 1831 utromque

110 1843 280 1928 serpentis
294 1851 427 1928 portem
442 1842 566 1908 discidi
580 1843 653 1908 vult
667 1866 676 1906 ε
696 1842 900 1928 prudentius
913 1842 943 1906 is
958 1843 1017 1928 qui
1030 1843 1117 1908 dune
1131 1891 1139 1920 ,
1153 1866 1225 1912 ser·
1281 1858 1285 1868 ’

110 1946 247 2024 pentem
260 1940 412 2028 66666666
430 1941 467 2004 in
488 1941 611 2006 multos
630 1949 746 2025 portes
769 1939 930 2015 discidit,
950 1940 1028 2016 vel,
1051 1962 1151 2027 quem
1164 1942 1225 2009 nd·

110 2037 247 2102 modum
267 2036 340 2122 ipsc
361 2059 431 2102 non
452 2047 546 2104 recte
568 2038 728 2124 scripsit,
752 2039 916 2103 discindit.
941 2037 1005 2104 sed
1026 2060 1137 2124 neque
1158 2041 1226 2106 hoc

110 2137 263 2223 saerimqoe
277 2136 360 2200 sctis
375 2134 538 2221 ponderis
552 2135 659 2202 habet
679 2181 688 2211 ,
715 2143 751 2199 et
767 2135 859 2200 iners
881 2141 984 2220 utque
1003 2135 1155 2220 ineptum
1175 2138 1226 2203 di·

111 2234 212 2301 cendi
225 2253 332 2319 genus
345 2232 414 2298 boc
429 2239 504 2309 est,
520 2253 588 2318 quo
604 2255 647 2296 ex
660 2254 806 2318 procera
820 2231 931 2298 caude
943 2232 982 2296 fit
996 2257 1106 2318 corpur
1114 2259 1225 2320 proce·

109 2355 181 2396 rum
196 2330 313 2394 candoe
328 2377 335 2392 .
359 2339 487 2414 quanto
503 2331 630 2396 rectius
644 2337 719 2396 eret
731 2329 816 2394 illud
830 2331 966 2410 666666,
988 2352 1031 2396 cx
1045 2352 1113 2416 quo
1128 2336 1226 2400 66616

110 2428 238 2494 factum
253 2447 329 2492 csse
345 2433 464 2512 potet,
485 2427 642 2494 diiunctis
658 2427 779 2492 litteris
792 2425 906 2515 legere
920 2429 1022 2492 canda
1036 2429 1075 2493 c!
1089 2431 1227 2516 scripsit

110 2531 214 2613 podto
232 2525 339 2612 66966
362 2526 498 2592 vibratus
518 2547 695 2590 urcsurr
714 2525 891 2611 86666616
914 2547 1225 2614 cnunscproeero
1284 2535 1288 2540 '

111 2647 238 2710 corpore
252 2646 409 2701 666666
418 2645 466 2690 66
480 2671 489 2690 .
509 2645 587 2688 nom
600 2626 751 2711 6666666
763 2622 900 2688 Marulli
914 2643 996 2688 sanc
1010 2625 1226 2708 probandum

113 2729 181 2786 est:
196 2721 364 2808 utrimque
379 2743 398 2788 c
412 2743 558 2806 procero
575 2741 719 2807 corpore
733 2719 792 2796 ,id
808 2727 860 2786 cst
875 2742 918 2786 cx
932 2729 1077 2806 utreque
1091 2727 1226 2808 proceri

112 2821 265 2906 corporis
280 2828 398 2905 purte,
413 2821 528 2909 lingon
541 2821 674 2896 vibrat,
688 2820 791 2885 micat
806 2820 917 2885 caude
928 2867 935 2884 .
945 2822 1057 2901 66666,
1072 2821 1224 2908 inquom,
1325 2821 1330 2836 '

111 2939 180 2982 non
193 2919 328 2982 minatur
336 2943 347 2982 .·
356 2918 424 2982 hoc
436 2919 523 2982 enim
533 2917 649 3004 lingua
659 2917 764 2982 multo
776 2917 882 3001 magis
893 2915 975 2980 fecit
988 2939 1088 3002 quom
1099 2921 1225 2998 cnudo,

109 3017 244 3080 mirandi
264 3024 377 3081 cutem
391 3017 533 3082 verbnm
552 3015 687 3100 linguae
710 3022 745 3078 ct
766 3013 896 3078 caudae
916 3015 1084 3097 serpentis
1098 3019 1226 3101 pariter

93 3113 287 3186 .convonit.
383 3157 387 3166 ι

195 3208 598 3282 662.1rssnsnousnr
614 3227 767 3273 66666.
789 3205 951 3291 impressi
964 3227 1040 3272 cum
1053 3207 1148 3274 Itslis
1163 3233 1227 3276 ss·

111 3329 190 3386 666
203 3317 303 3373 retro.

195 3404 265 3470 663.
280 3402 493 3469 Vonurnrr
508 3424 690 3468 nncsurr
703 3449 712 3479 ,
727 3425 775 3469 66
790 3397 923 3466 moeso
937 3425 1117 3479 666666,
1132 3429 1225 3472 6666

111 3524 275 3569 666666
297 3551 304 3568 .
326 3502 380 3566 Its
393 3501 480 3566 hoec
497 3499 730 3566 Wakefieldus
746 3499 900 3564 distinxit
919 3547 927 3574 ‚
954 3521 1018 3587 ego
1032 3521 1142 3586 neque
1156 3504 1226 3576 dis-⁴

111 3603 218 3668 tincto
231 3621 343 3687 neque
356 3598 554 3664 indistincta
567 3598 727 3685 intellego
741 3619 750 3661 r
772 3617 899 3684 quaero
916 3599 1003 3664 enim
1017 3645 1026 3674 ,
1045 3599 1130 3684 quid
1142 3601 1227 3670 illud

113 3698 157 3764 sit
172 3696 265 3784 quod
274 3707 438 3784 prender
452 3743 459 3758 .
475 3694 691 3762 scribendum
706 3704 760 3762 est
773 3717 795 3760 6
805 3717 968 3760 onom
990 3745 999 3772 ,
1017 3696 1067 3762 ito
1087 3745 1096 3772 ,
1114 3709 1149 3762 ol
1160 3702 1226 3765 rol-

112 3797 194 3862 ocris
207 3798 343 3862 dolorem
350 3805 476 3881 premnt
488 3794 607 3861 ardenti
620 3818 740 3860 moror.
753 3831 756 3838 ·

195 3894 265 3960 665.
280 3894 904 3960 Ρ666666666666666666666.
929 3888 1105 3978 Oblongus
1120 3894 1227 3979 prims

112 4013 213 4060 monn
227 3994 403 4060 Particoluc
425 4039 433 4056 .
456 3989 608 4056 eiusdem
628 3997 803 4056 corrector
817 4009 937 4056 vocem
949 3987 1035 4054 molo
1049 3993 1227 4076 repetitam

113 4091 257 4158 delevit.

196 4190 267 4255 674.
286 4211 420 4254 rnrro
437 4209 563 4253 66666
578 4207 754 4254 unrursr
770 4235 777 4250 .
793 4185 864 4252 680.
880 4206 1023 4254 sonrrs
1038 4207 1227 4256 surursr.

112 4287 278 4356 Marullus
291 4297 446 4372 tantopere
460 4309 533 4352 666
548 4287 646 4352 ocimi
654 4333 663 4366 ,
678 4292 712 4350 et
724 4285 815 4350 solito
829 4307 899 4350 cer
914 4284 1027 4348 ammi.

198 4385 268 4452 676.
280 4409 320 4452 11)
331 4407 381 4449 An
394 4407 495 4450 6666
510 4407 584 4449 mr
596 4406 775 4450 6666666
787 4381 1228 4470 6666606666666183

113 4493 150 4549 ot
160 4484 292 4550 Nonius
304 4481 416 4568 pult,
429 4481 465 4546 15
477 4482 564 4547 cleto
574 4483 638 4548 ium
649 4481 792 4569 motor.
807 4479 888 4546 hino
905 4481 1034 4640 ρτὶιιιιὲιῗ
1045 4479 1228 4544 Lambinus
