3034 5204
705 362 740 430 V

133 562 244 606 arma
259 539 399 624 antiqua
412 559 530 602 manus
544 558 674 624 ungues
689 536 877 624 dentesque
892 538 1047 613 fuerunt,

136 664 181 720 et
198 654 333 742 lapides
349 655 475 720 etitem
490 654 649 718 silvarum
663 654 827 740 fragmina
840 655 938 730 rami,
1004 735 1008 744 Ι

59 789 118 834 nse
137 779 181 836 et
197 769 332 836 flamma
347 776 448 856 atque
461 769 574 856 ignes,
585 778 665 856 post
680 790 780 856 qnam
795 778 874 834 sunt
888 771 1021 856 cognita
1035 770 1193 859 primum.

137 885 320 972 posterius
334 884 414 948 ferri
427 884 479 949 vis
495 894 547 950 est
561 886 714 970 aerisque
729 891 877 970 reperta.

139 1009 181 1064 et
198 999 292 1085 prior
307 1000 393 1064 aeris
409 1009 481 1065 erat
496 1021 596 1085 quam
610 998 691 1063 ferri
705 999 860 1086 cognitus
874 1021 972 1077 usus,

141 1137 220 1201 quo
236 1113 342 1178 facilis
356 1114 461 1200 magis
477 1123 528 1180 est
542 1122 664 1180 natura
679 1124 712 1179 et
726 1116 824 1203 eopia
838 1115 958 1206 maior.

140 1251 231 1294 aere
246 1229 353 1294 solum
366 1236 478 1294 terrae
492 1231 702 1307 tractabant,
714 1251 859 1316 aereque
873 1231 952 1296 belli

64 1361 123 1409 nso
138 1344 335 1410 miscebant
347 1343 469 1410 fluetus
485 1353 520 1409 et
533 1345 672 1410 vulnera
686 1355 784 1412 vasta
798 1347 957 1412 serebant

145 1468 188 1524 et
200 1481 305 1545 peous
320 1466 422 1546 atque
436 1480 536 1546 agros
552 1460 761 1529 adimebant:
772 1483 849 1526 nam
863 1459 959 1526 facile
974 1461 1047 1526 ollis

146 1574 264 1640 omnia
277 1574 445 1642 cedebant
458 1577 593 1640 armatis
606 1576 699 1641 nuda
714 1585 747 1642 et
760 1578 903 1641 inerma.

145 1689 232 1754 inde
245 1690 430 1755 minutatim
444 1692 612 1778 prooessit
625 1692 755 1757 ferreus
771 1692 878 1767 ensis,

144 1825 316 1890 versaque
330 1806 365 1870 in
379 1805 596 1891 obprobrium
611 1808 740 1894 speeies
757 1807 916 1872 ostfalais
931 1807 1075 1882 ahenea,

66 1937 127 1983 uss
146 1929 185 1984 et
197 1919 289 1984 ferro
305 1941 448 2006 coepere
463 1922 571 1986 solum
585 1921 805 2008 proscindere
819 1931 931 1987 terrae

148 2043 406 2122 exaequataque
421 2044 501 2101 sunt
515 2037 646 2124 creperi
660 2038 842 2102 certamina
855 2036 949 2103 belli.

150 2159 187 2215 et
200 2151 292 2237 prius
309 2158 360 2214 est
374 2160 536 2216 armatum
550 2152 585 2215 in
601 2152 677 2237 equi
693 2151 921 2216 conscendere
936 2159 1049 2217 costus

151 2275 186 2330 et
200 2263 405 2330 moderarier
418 2266 509 2331 huno
523 2267 627 2331 frenis
644 2265 830 2352 dextraque
846 2267 959 2352 vigere

150 2403 252 2466 quam
264 2381 377 2467 biiugo
393 2403 494 2446 curru
507 2381 586 2446 belli
600 2389 765 2470 temptare
779 2381 921 2470 pericle.

70 2513 131 2560 laun
149 2504 184 2562 et
197 2496 328 2583 biiugos
342 2497 435 2584 prius
451 2505 502 2561 est
517 2519 617 2582 quam
630 2498 682 2563 bis
698 2497 900 2584 coniungere
915 2496 1013 2562 binos

151 2620 186 2676 et
201 2633 299 2697 quam
312 2611 480 2677 faloiferos
495 2622 659 2678 armatum
674 2613 855 2678 escendere
871 2634 1005 2677 currus.

150 2725 230 2791 inde
243 2728 351 2793 boves
365 2727 458 2792 lucas
472 2730 594 2794 turrito
611 2751 755 2816 corpore
763 2779 772 2811 ,
784 2738 913 2804 tetrass

152 2843 369 2928 anguimanus
379 2892 387 2920 ,
397 2843 475 2908 belli
491 2842 680 2909 docuerunt
692 2844 832 2909 volnera
844 2843 951 2908 Poeni

152 2957 290 3022 sufferre
305 2965 341 3023 et
354 2979 489 3046 magnas
503 2959 624 3023 Martis
639 2959 775 3024 turbare
790 2966 959 3022 catervas.

75 3059 137 3136 13115
151 3073 199 3137 sie
214 3073 281 3138 alid
297 3073 418 3138 axelio
433 3074 566 3160 peperit
581 3072 883 3148 discordaretis,

152 3189 311 3254 horribile
325 3189 477 3254 humanis
493 3187 586 3274 quod
601 3189 757 3274 gentibus
773 3195 863 3252 esset
876 3188 910 3252 in
925 3189 1037 3262 armis,

152 3303 252 3389 inque
268 3303 339 3368 dies
353 3304 432 3370 belli
445 3305 630 3370 terroribus
646 3303 779 3369 addidit
793 3324 949 3390 augmen.

194 3419 416 3507 Temptarunt
431 3420 529 3484 etiam
542 3428 659 3485 tauros
674 3420 708 3485 in
722 3441 878 3486 moenere
892 3420 985 3493 belli,

154 3534 348 3621 expertique
363 3557 441 3598 sues
456 3557 574 3600 saevos
590 3545 669 3601 sunt
682 3537 814 3601 mittere
827 3536 861 3600 in
876 3535 1001 3600 hostis.

79 3665 139 3711 1110
155 3656 189 3712 et
200 3648 332 3714 validos
347 3650 468 3735 partim
482 3671 564 3735 prae
578 3673 615 3714 se
629 3652 749 3714 misere
763 3652 879 3717 leones

155 3785 228 3828 oum
243 3763 439 3830 doctoribus
454 3765 590 3828 armatis
605 3766 781 3852 saevisque
795 3765 976 3851 magistris,

155 3879 211 3965 qni
224 3878 428 3945 moderarier
443 3879 496 3944 his
512 3888 652 3966 possent
665 3880 850 3967 vinclisque
866 3890 997 3954 tenere,

155 4016 196 4059 ne
212 3995 387 4082 quiquam,
400 3995 557 4082 quoniam
571 3995 738 4082 permixta
753 3993 857 4060 caede
872 3993 1020 4059 calentes

159 4284 222 4331 1285
241 4278 329 4332 1111111111
356 4278 367 4346 11
395 4284 461 4330 1288
480 4279 592 4332 maiore.
620 4278 631 4347 11
660 4284 724 4332 1204
744 4277 863 4349 speciest
881 4278 891 4346 11
911 4278 1033 4332 athenae.
1054 4277 1064 4344 11
1085 4283 1150 4330 1300
1169 4275 1258 4345 biiugo
1277 4277 1286 4342 11

160 4367 222 4416 1302
241 4379 286 4416 cns
305 4363 316 4431 11
334 4369 433 4415 tetros.
453 4362 463 4432 11
485 4369 548 4416 1307
568 4361 644 4416 bellis
