2946 5188
636 499 650 565 l

65 682 135 736 tum
152 669 284 757 glacies
299 669 385 734 aeris
399 669 528 734 flamma
544 670 678 737 devicta
691 672 859 757 liquescit,

66 793 249 872 permanat
263 784 356 849 calor
370 795 541 871 argentum
557 787 794 871 penetraleque
807 786 927 874 frigus.

23 917 45 960 u
68 898 209 985 quando
225 907 403 984 utrumque
418 921 517 964 manu
531 901 713 965 retinentes
727 900 849 986 pocula
862 903 926 966 rite

69 1015 239 1078 sensimus
254 1013 363 1078 infuso
378 1014 587 1101 lympharum
603 1035 680 1079 rore
695 1035 856 1101 superne.

68 1149 176 1213 usque
192 1127 282 1192 adeo
296 1129 330 1192 in
344 1130 445 1194 rebus
459 1128 558 1193 solidi
572 1129 618 1192 nil
633 1150 708 1193 esse
722 1127 869 1193 videtur.

70 1241 130 1305 sed
145 1243 230 1328 quia
245 1263 326 1306 vera
339 1251 448 1306 tamen
462 1246 548 1307 ratio
564 1251 751 1328 naturaque
765 1264 875 1308 rerum

72 1357 178 1442 cogit,
191 1355 294 1432 ades,
305 1358 420 1441 paucis
436 1356 515 1420 dum
530 1356 682 1420 versibus
698 1355 912 1442 expediamus

23 1487 52 1527 pr
73 1491 145 1534 esse
162 1493 205 1535 ea
222 1491 309 1556 quae
325 1468 434 1534 solido
449 1478 551 1554 atque
566 1477 703 1534 aeterno
720 1491 861 1555 corpore
877 1481 1049 1548 constent,

74 1585 199 1650 semina
215 1605 303 1670 quac
317 1605 426 1649 rerum
440 1583 689 1669 primordiaque
705 1605 779 1648 esse
796 1583 969 1656 docemus,

76 1699 163 1762 unde
178 1699 289 1764 omnis
304 1719 414 1762 rerum
429 1720 517 1762 nunc
532 1707 667 1763 constet
681 1719 808 1762 summa
822 1707 947 1766 creata.

115 1813 287 1898 Principio
304 1813 459 1898 quoniam
475 1811 600 1898 duplex
614 1821 735 1877 natura
749 1812 890 1878 duarum

79 1924 243 1992 dissimilis
257 1948 369 1990 rerum
384 1926 483 2012 longe
499 1935 654 1992 constare
668 1935 850 2012 repertast,

23 2053 60 2096 ses
79 2043 227 2126 corporis
237 2091 246 2119 ‚
258 2051 359 2127 atque
373 2041 455 2116 loci,
466 2063 522 2106 res
536 2042 571 2105 in
586 2063 653 2126 quo
669 2061 822 2126 quaeque
836 2051 1017 2128 geruntur,

81 2175 149 2218 esse
162 2165 341 2240 utramque
357 2156 420 2220 sibi
433 2177 494 2240 per
509 2177 545 2232 se
560 2176 745 2242 puramque
758 2165 944 2220 necessest.

80 2289 150 2333 nam
164 2292 232 2355 qua
248 2291 390 2355 cumque
404 2279 505 2335 vacat
519 2271 680 2356 spatium,
692 2266 784 2353 quod
799 2271 897 2334 inane
911 2292 1082 2342 vocamus,

82 2401 197 2468 corpus
214 2407 255 2449 ea
268 2406 337 2449 non
352 2392 420 2448 cst:
433 2405 499 2469 qua
513 2405 616 2468 porro
633 2402 775 2468 cumque
790 2389 885 2448 tenet
899 2405 935 2447 se

84 2516 218 2581 corpus,
230 2521 269 2563 ea
282 2519 423 2563 vacuum
438 2518 649 2582 nequaquam
664 2505 798 2561 constat
810 2498 922 2562 inane.

29 2619 65 2663 uo
83 2621 154 2675 sunt
166 2613 268 2698 igitur
282 2612 392 2677 solido
405 2633 445 2676 ao
459 2613 531 2676 sine
544 2612 632 2678 inani
647 2631 791 2697 corpora
805 2612 926 2697 prima.

87 2739 253 2804 praeterea
267 2727 423 2813 quoniam
438 2726 558 2812 genitis
572 2727 606 2790 in
620 2727 721 2792 rebus
735 2725 884 2802 inanest,

86 2845 248 2906 materiem
262 2842 385 2906 circum
401 2840 540 2904 solidam
556 2848 712 2905 constare
725 2848 915 2904 necessest:

90 2971 212 3022 nectes
226 2955 294 3020 ulla
308 2962 423 3041 potest
436 2976 518 3018 vera
531 2955 660 3019 ratione
675 2955 812 3038 probari

91 3085 222 3155 corpore
236 3071 335 3134 inane
350 3089 413 3133 suo
429 3069 538 3132 celare
553 3075 655 3152 atque
669 3068 759 3130 intus
774 3065 915 3140 habere,

41 3185 75 3233 ⁵1⁵
93 3180 192 3249 sinon
202 3235 211 3263 ,
222 3180 316 3270 quod
331 3183 483 3258 cohibet,
494 3181 636 3246 solidum
652 3186 808 3244 constare
821 3179 1007 3264 relinquas:

92 3291 121 3356 id
132 3319 232 3382 porro
246 3300 293 3366 nil
309 3319 383 3362 esse
398 3305 513 3383 potest
526 3297 590 3361 nisi
602 3295 751 3360 materiai

95 3413 271 3490 concilium,
284 3411 378 3499 quod
391 3412 489 3476 inane
502 3411 536 3474 in
551 3411 642 3474 rebu'
656 3417 758 3495 queat
773 3409 945 3490 cohibere.

95 3530 233 3593 materies
246 3527 365 3613 igitur,
376 3523 485 3590 solido
501 3545 587 3610 quae
602 3545 744 3609 corpore
760 3531 909 3593 constat,

97 3652 159 3701 esse
173 3651 309 3707 aeterna
322 3647 453 3726 potest,
465 3659 538 3703 cum
554 3647 665 3703 cetera
680 3636 925 3702 dissoluantur.

47 3749 79 3798 ³²⁰
95 3751 152 3814 tum
166 3777 268 3841 porro
283 3756 312 3818 si
327 3753 372 3817 nil
387 3761 478 3818 esset
493 3751 585 3836 quod
599 3753 696 3817 inane
710 3757 860 3822 vacaret,

98 3879 179 3932 omne
193 3870 282 3934 soret
295 3865 454 3933 solidum:
466 3867 529 3931 nisi
544 3873 662 3932 contra
676 3885 820 3951 corpore
835 3871 929 3928 certa

98 3992 211 4060 essent,
223 4005 310 4069 quae
323 3983 399 4048 loca
414 3981 620 4066 complerent
634 4001 718 4064 quae
733 3999 875 4062 cumque
889 3983 1055 4050 tenerent,

99 4106 181 4160 omne
196 4096 289 4184 quod
304 4103 372 4173 est,
384 4097 529 4182 spatium
542 4115 684 4157 vacuum
700 4101 871 4157 constaret
884 4091 996 4155 inane.

99 4200 219 4278 alternis
232 4212 350 4298 igitur,
362 4211 396 4274 ni
410 4211 544 4284 mirum,
557 4229 682 4292 corpus
697 4205 784 4268 inani

102 4367 286 4389 *zo—-

104 4449 143 4500 ⁵⁰0
160 4464 260 4511 constet
279 4458 289 4526 ll
309 4464 358 4510 517
377 4459 454 4510 inane
472 4464 549 4524 queat
566 4469 655 4507 rerum
675 4453 685 4521 ll
705 4457 753 4502 520
772 4457 813 4503 est
831 4453 841 4518 ΙΙ
861 4459 981 4503 voearet.

965 4545 1012 4608 2.
