2946 5188
647 469 677 536 ΙΙ

92 635 312 731 corporibus,
323 641 438 729 paucis
452 641 532 705 licet
545 640 623 704 hinc
640 661 860 727 cognoscere,
871 641 1019 708 Memmi.

90 759 235 844 primum
251 777 372 821 aurora
386 777 476 820 novo
491 775 564 819 cum
580 755 709 842 spargit
722 755 843 819 lumine
859 765 981 834 terras,

15 892 62 934 ss
89 883 124 937 ct
139 873 251 936 variae
266 871 420 936 volucres
435 889 573 934 nemora
586 869 661 932 avia
674 869 914 956 pervolitantes

88 993 170 1051 acra
184 1007 245 1073 per
259 994 409 1058 tenerum
423 981 556 1069 liquidis
571 982 647 1047 loca
660 984 799 1047 vocibus
815 985 970 1072 opplent,

90 1122 193 1186 quam
206 1101 318 1164 subito
333 1099 440 1162 soleat
453 1097 506 1160 sol
521 1105 614 1160 ortus
630 1105 781 1183 tempore
795 1098 853 1163 tali

89 1215 282 1279 convestire
296 1234 357 1277 sua
371 1209 577 1300 perfundens
592 1212 702 1274 omnia
716 1211 805 1286 lucc,

87 1329 244 1392 omnibus
258 1327 292 1391 in
306 1335 463 1413 promptu
476 1325 751 1410 manifestumque
766 1346 840 1388 esse
855 1324 1020 1391 videmus.

1 1461 59 1507 isc
85 1452 125 1506 at
138 1463 248 1529 vapor
261 1442 289 1505 is
306 1461 403 1526 quem
417 1440 468 1505 sol
482 1441 583 1504 mittit
596 1440 772 1524 lumenque
788 1460 957 1516 serenum,

87 1579 159 1620 non
173 1558 347 1643 perinane
361 1563 451 1619 meat
463 1575 621 1630 vacuum3
634 1575 701 1638 quo
716 1551 846 1617 tardius
860 1553 909 1618 ire

87 1669 223 1756 cogitur
234 1720 241 1746 ‚
252 1670 357 1735 adrias
373 1670 468 1754 quasi
481 1667 559 1732 dum
576 1667 766 1732 diverberet
781 1665 902 1731 undas:

84 1805 152 1848 nec
168 1784 354 1870 singillatim
370 1782 568 1868 corpuscula
582 1802 735 1867 quaeque
750 1783 886 1866 vaporis

83 1897 151 1962 sed
167 1899 340 1984 complexa
353 1905 465 1962 meant
478 1897 563 1960 inter
577 1917 613 1960 se
629 1916 760 1980 conque
774 1895 926 1980 globata;

17 2033 57 2074 ss
84 2035 157 2098 qua
171 2021 311 2099 propter
325 2012 422 2076 simul
435 2012 522 2075 inter
536 2031 573 2074 se
586 2009 804 2074 retrahuntur
819 2017 853 2073 et
868 2019 964 2074 extra

83 2126 295 2202 officiuntur,
306 2128 355 2191 uti
370 2133 533 2211 cogentur
546 2121 676 2188 tardius
690 2125 755 2188 ire.

81 2251 119 2305 at
135 2262 223 2325 quae
237 2250 317 2304 eunt
331 2238 439 2322 solida
452 2235 635 2336 primordia
649 2236 874 2325 simplicitate,

81 2377 162 2418 cum
176 2355 348 2441 perinane
360 2361 471 2418 meant
484 2373 641 2424 vacuum,
652 2371 715 2414 nec
729 2371 784 2413 res
798 2361 984 2414 remoratur

76 2470 151 2534 ulla
165 2468 247 2534 foris
257 2519 264 2545 ,
276 2477 375 2553 atque
389 2469 463 2553 ipsa
477 2467 546 2531 suis
561 2487 579 2530 e
594 2466 745 2551 partibus
761 2484 876 2538 unum,

0 2601 51 2644 itit]
75 2605 184 2647 unum
194 2633 201 2658 ‚
212 2584 246 2647 in
260 2603 358 2668 quem
373 2565 515 2668 coepere
529 2581 638 2645 locum
653 2579 773 2643 conixa
785 2577 955 2654 feruutur,

77 2697 225 2772 debent,
235 2698 270 2761 ni
284 2698 417 2772 mirum,
429 2696 630 2784 praecellere
644 2693 840 2767 mobilitate,

78 2823 113 2876 ct
127 2812 235 2877 multo
252 2813 347 2876 citius
361 2811 439 2876 ferri
456 2831 554 2896 quam
567 2809 691 2873 lumine
704 2808 798 2879 solis,

75 2926 320 3012 multiplexque
335 2927 398 2990 loci
414 2925 555 3011 spatium
569 2933 799 2988 transcurrere
814 2920 932 2986 eodem

76 3049 234 3126 tempore
249 3061 316 3126 quo
331 3041 410 3104 solis
425 3039 626 3127 pervolgant
638 3035 772 3118 fulgura
786 3033 927 3097 caelum.

598 3195 616 3232 *

5 3399 47 3442 ins
80 3383 171 3466 [nec
185 3381 368 3468 persectari
382 3377 564 3466 primordia
578 3376 707 3463 singule
722 3395 890 3460 quaeque,

70 3505 113 3560 ut
127 3494 269 3560 videant
283 3517 349 3580 qua
363 3495 506 3580 quicque
521 3499 656 3580 geratur
671 3512 745 3555 cum
759 3489 902 3553 ratione.
947 3573 953 3586 ·

116 3611 167 3673 At
181 3609 315 3694 quidem
331 3617 449 3674 contra
463 3608 546 3672 haec
556 3655 563 3682 ‚
574 3605 680 3692 ignari
693 3602 857 3676 materiai,

68 3733 230 3788 naturam
244 3745 313 3789 non
327 3743 445 3809 posse,
457 3721 555 3786 deum
569 3721 641 3784 sinc
655 3718 803 3792 numine,
814 3724 930 3780 rentur

69 3845 173 3902 tanto
188 3859 291 3923 opere
305 3819 457 3902 humanis
472 3835 657 3900 rationibus
672 3830 882 3897 atmoderate

5 3969 42 4012 m·
67 3963 229 4037 tempora
242 3960 371 4016 mutare
386 3971 565 4024 annorum,
576 3948 757 4033 frugesque
773 3965 902 4020 creare,

66 4077 104 4130 et
119 4067 185 4130 iam
202 4073 331 4140 cetera,
342 4065 491 4130 mortalis
507 4085 593 4150 quac
607 4059 729 4125 suadet
743 4058 834 4124 adire

69 4353 118 4398 ttt
139 4361 228 4398 novor
251 4345 261 4414 il
287 4351 335 4396 117
355 4344 428 4398 solea
450 4345 460 4412 ΙΙ
486 4349 532 4396 162
552 4342 629 4412 quosi
652 4341 662 4409 lt
688 4345 735 4391 156
755 4338 893 4391 trahuntur
916 4337 926 4405 il
951 4342 999 4390 168
1016 4337 1171 4390 remorarit.
1189 4337 1200 4401 ΙΙ

67 4435 118 4481 160
138 4444 241 4490 ccum
260 4427 270 4493 ΙΙ
291 4433 337 4482 166
356 4426 545 4497 Multiplcsque
563 4427 573 4495 ΙΙ
595 4428 641 4476 166
660 4423 699 4474 Ut
717 4423 796 4476 deant
814 4421 824 4489 il
845 4427 891 4474 168
909 4419 998 4474 reddi.
