2972 5188
317 487 386 556 310
473 520 479 530 ·
855 483 888 550 V

315 684 347 745 p.
358 659 439 724 435.
464 656 627 738 Etiamne,
649 659 764 722 insanio
788 679 887 743 quam
909 665 1022 732 rente,
1044 658 1077 722 iu
1100 657 1222 744 Hygini
1240 657 1296 720 fab.
1310 657 1373 720 1334

398 853 467 916 745.
490 874 669 916 ruamus
692 873 894 916 annaeus.
917 850 1114 932 Quadratus
1127 853 1227 937 polle.
1246 847 1321 936 apud
1335 849 1374 912 lsi·

316 949 436 1012 dorum
459 950 542 1035 orig.
557 949 677 1022 x111,ll
702 948 954 1012 Lindemannus
975 947 1071 1013 dedit
1086 960 1198 1013 lmen
1212 971 1251 1012 ex
1264 945 1374 1011 Guelfer-

235 1125 239 1136 .
314 1045 445 1130 bytano
461 1045 596 1110 codiee.
1427 1127 1428 1142 χ

399 1144 468 1207 747.
491 1143 624 1208 ilsurr
652 1165 802 1207 urruns
831 1165 1034 1219 suourrun
1061 1164 1282 1208 cnsnrraus
1302 1161 1373 1204 aruc

317 1263 517 1306 nanninus
540 1263 636 1305 anni
650 1289 657 1304 .
673 1239 869 1320 Quadratus
883 1241 994 1304 laium.
1017 1239 1141 1304 deiude
1154 1239 1239 1304 idem
1251 1239 1374 1300 laumer-

315 1337 379 1400 teri
391 1357 465 1400 cum
477 1337 625 1423 oblongo
637 1362 688 1416 nc,
698 1337 790 1422 quod
804 1336 983 1422 legitimum
995 1339 1176 1402 verborum
1186 1335 1318 1402 ordinem
1326 1353 1374 1416 per

315 1435 440 1498 vertit.
470 1457 697 1500 cuarrraus
720 1434 814 1498 Itali.
843 1443 935 1508 tum,
958 1435 1115 1519 quoniam
1138 1435 1199 1520 alqi
1219 1453 1280 1496 nou
1297 1437 1374 1514 potet

314 1531 415 1606 ferri,
436 1535 638 1597 tutissimum
655 1541 708 1596 est
722 1533 871 1598 seribere
885 1555 1041 1612 aanor,
1056 1553 1125 1617 qun
1140 1538 1238 1618 poeta
1250 1531 1279 1594 in
1292 1525 1374 1600 nuel

314 1649 396 1692 usus
412 1637 482 1694 est.
504 1633 592 1716 alyne
604 1631 805 1706 Lambinus,
821 1631 915 1694 euius
930 1629 1059 1694 formae
1072 1637 1192 1694 auctor
1205 1629 1302 1693 nullus
1314 1631 1374 1687 extu

315 1727 379 1789 nisi
393 1726 586 1792 Priscianus
602 1751 633 1814 p.
642 1728 724 1803 699,
747 1729 803 1815 qui
829 1729 1016 1813 exemplum
1036 1727 1218 1793 accusativi
1231 1723 1374 1789 Plautinum

315 1822 446 1888 adfert:
469 1824 606 1890 ablativi
621 1825 728 1890 multo
742 1827 841 1910 plura
856 1835 954 1890 sunt.
970 1823 1200 1890 Wakefieldus
1213 1825 1292 1908 atqu,
1304 1817 1374 1880 verit

317 1919 469 1986 Charisio
485 1921 566 2006 pne
587 1921 712 1987 adficta
733 1931 890 1998 secutus,
913 1943 1000 2008 quae
1021 1932 1102 1988 sunt
1122 1922 1212 2008 apud
1225 1915 1374 1985 Putsehiuu

314 2017 419 2094 haee,
440 2019 497 2083 Ιιοο
516 2021 589 2105 algu
608 2017 646 2084 τὸ
667 2021 778 2105 «plne,
801 2042 944 2106 quorum
965 2020 1048 2085 nihil
1067 2022 1102 2084 in
1123 2019 1236 2086 codiee
1252 2013 1374 2118 esselinj

316 2114 500 2180 (lemannus
516 2114 633 2180 docuit
646 2137 679 2202 p.
691 2117 748 2181 19.
763 2119 797 2180 in
813 2138 931 2182 versus
944 2119 1040 2181 initio
1056 2139 1173 2184 omnes
1187 2117 1281 2182 Italos
1291 2111 1374 2176 imitat

315 2220 411 2286 sunt,
427 2215 485 2298 qui
499 2213 655 2278 fecerunt
671 2216 805 2279 Tandem
819 2215 928 2280 bnaema
941 2217 1024 2280 niuea
1037 2215 1142 2304 adfert
1148 2209 1374 2302 pumann-

314 2333 378 2374 rem
394 2313 507 2375 Reddit
515 2338 527 2394 ,-
548 2311 642 2397 quod
656 2333 767 2397 neque
780 2313 960 2399 intellego,
981 2333 1112 2398 neque,
1134 2315 1161 2378 si
1179 2311 1373 2394 uullegeen.

313 2410 453 2473 verbum
468 2411 633 2494 ignaviter
646 2409 800 2474 additum
815 2411 1016 2495 probarem.
1032 2417 1138 2495 poeta
1150 2419 1189 2475 ut
1200 2417 1273 2473 ante
1285 2402 1349 2469 dixit
1358 2396 1375 2460 l

315 2527 366 2567 ver
373 2553 382 2584 ‚
395 2517 556 2568 eutramnus
566 2507 646 2584 adit,
658 2507 707 2569 ita
718 2506 774 2571 hie
784 2506 921 2571 videtur
932 2508 1110 2592 scripsisse
1123 2507 1229 2572 Pron
1237 2529 1271 2570 rr
1283 2503 1374 2581 aaa.

398 2601 468 2665 750.
491 2603 576 2665 Cuu
598 2625 715 2666 riam
738 2625 933 2668 rossana.
955 2605 1122 2670 Marullus
1143 2626 1266 2669 urani.

268 2701 273 2714 ⁸
397 2697 466 2760 753.
489 2719 650 2762 raanan
673 2721 910 2764 sucurrere
932 2725 1072 2768 rossia
1094 2689 1375 2767 Luumsmubi·

314 2813 395 2868 nus,
409 2793 503 2878 quod
518 2797 606 2870 seio,
621 2798 750 2881 primus
758 2846 767 2879 ,
783 2806 818 2862 et
833 2799 967 2884 quidem
982 2801 1101 2881 tacite,
1118 2823 1230 2866 sotis
1243 2797 1358 2863 Lamia·

396 2889 465 2954 750.
489 2891 688 2957 Taureae
709 2915 863 2959 aaran.
885 2897 969 2961 Mox
983 2897 1213 2962 musonem.

397 2987 467 3052 761.
487 3011 619 3064 arnus
640 3015 795 3056 rumai.
811 2992 888 3057 Itali
900 2995 1111 3059 etMarullus
1126 2985 1375 3102 rumamwjlt·

312 3085 432 3150 lieldus
448 3086 596 3152 absurde
604 3091 728 3174 periri,
743 3090 779 3155 in
795 3099 847 3155 est
862 3093 987 3156 creari.
1355 3183 1359 3188 ¹

395 3184 465 3248 764.
482 3186 550 3249 771.
574 3209 668 3250 cour
692 3211 944 3253 rsaranrrua
965 3187 1375 3270 unanas.Quadratusco.

314 3277 577 3346 rnniuarrur
592 3283 686 3358 Itali,
700 3283 885 3350 Brixieusis
901 3285 1029 3364 editor,
1044 3288 1224 3352 Marullus.
1240 3285 1316 3348 huuc
1327 3294 1375 3338 ver·

313 3399 401 3450 sum,
417 3399 484 3463 quo
500 3379 575 3443 loeo
590 3381 751 3456 iteratur,
767 3382 949 3448 Lambinus
965 3384 1092 3450 delevit
1105 3387 1246 3471 primus.

396 3475 466 3539 768.
482 3499 518 3540 si
533 3499 688 3542 ruaear
704 3501 824 3544 runs.
840 3480 983 3545 immoni
997 3505 1160 3557 suanir,
1171 3495 1208 3546 ut
1218 3471 1375 3579 reetelstffl·

312 3572 412 3636 binus
428 3581 462 3636 et
477 3572 650 3650 Gifanius,
674 3577 752 3660 quia
773 3577 827 3641 hie
848 3585 952 3662 polita
966 3600 1133 3666 nusquam
1147 3579 1274 3644 videtur
1286 3570 1375 3670 diunt

304 3668 540 3756 suisseosnlyes.
555 3691 631 3734 nam
642 3693 753 3757 neque
765 3695 869 3759 supra
880 3676 941 3740 570
956 3679 1024 3742 lona
1030 3677 1155 3764 sulyem
1167 3676 1243 3742 ferri
1253 3681 1375 3757 posflssl'l'

312 3765 438 3843 dimus,
454 3790 563 3855 neque
578 3769 612 3833 in
627 3793 662 3850 11,
672 3771 711 3834 27
728 3776 960 3862 arqmtosnlqet
970 3803 980 3839 :
995 3775 1038 3840 de
1053 3777 1130 3841 libri
1144 3785 1251 3841 autem
1262 3791 1293 3832 w
1305 3775 1376 3827 wll

311 3865 372 3929 213
392 3867 427 3930 in
446 3867 522 3932 loeo
545 3888 701 3955 agemus.
723 3872 838 3957 itaque
860 3894 902 3937 ne
916 3875 1047 3961 resnlqet
1059 3875 1193 3960 quidem
1206 3859 1376 3969 probantum

312 3964 487 4047 quisquam
500 3965 619 4044 ducet,
635 3969 729 4053 quod
741 3991 802 4057 per
813 3991 850 4035 se
862 3993 930 4036 non
942 3973 1164 4057 suspiciosum
1176 3973 1264 4035 extat
1276 3964 1304 4026 in
1315 3956 1376 4020 hbr⁰

312 4081 345 4132 ¹1,
355 4059 434 4123 800.
450 4069 599 4128 ueterum
613 4067 766 4151 imperite
779 4069 909 4133 Seneca
923 4069 1124 4135 naturalium
1138 4065 1344 4154 quaestionum
1350 4067 1376 4160 Ἠ·

311 4155 351 4218 56
361 4163 496 4222 veteres
507 4161 550 4223 ad
561 4163 793 4250 elynistcuadam
808 4165 887 4229 lanc
901 4191 917 4229 e
931 4167 1058 4232 arabibus
1071 4169 1183 4232 achilae
1196 4163 1267 4228 ἱκοῦ
1278 4157 1375 4236 ΜΨ

310 4279 378 4320 nem
386 4255 488 4319 taedia
495 4259 612 4342 syllaba
622 4273 761 4346 correpta
762 4261 889 4349 fulgere
895 4264 1025 4346 ¹dirisse
1033 4263 1153 4329 refert:
1164 4262 1308 4328 dixerunt
1315 4259 1375 4310 0⁰¹0

309 4355 358 4418 ita
373 4352 416 4418 de
431 4351 562 4440 fulgore
578 4376 789 4444 quocumque
805 4382 878 4424 eum
893 4367 1045 4438 veteres,
1060 4369 1129 4427 tum
1145 4359 1270 4426 doctior
1280 4351 1375 4415 sensu

312 4449 466 4518 Valerius
482 4451 622 4518 Flaccus
637 4455 670 4518 in
686 4457 828 4532 v111,284
844 4459 1015 4547 wtfiolyern
1028 4463 1148 4526 medus.
