3034 5204
638 445 689 512 Vl

97 625 279 706 propterea
291 619 331 684 fit
346 619 395 684 uti
411 639 497 704 quac
512 617 638 682 semina
652 639 793 704 cumque
807 617 913 682 habet
925 619 1011 704 ignis

98 733 260 812 dimittat3
272 733 368 819 quasi
383 753 485 817 saepe
499 732 625 818 gelum,
638 731 730 817 quod
745 733 893 798 continet
907 734 941 796 in
955 755 1006 806 se,

98 849 201 913 mittit
216 857 249 912 et
263 847 388 912 exolvit
402 847 540 933 glaciem
554 845 732 932 nodosque
747 848 891 911 relaxat.

136 960 293 1048 Frigidus
309 972 361 1027 est
375 963 472 1026 etiam
487 961 581 1036 fons,
592 982 695 1048 supra
710 981 808 1046 quem
823 962 887 1026 sita
901 983 1001 1050 saepe

29 1131 30 1184 1
48 1093 80 1136 <aa
98 1085 223 1162 stuppa
236 1075 491 1141 iacitssammam
506 1084 670 1162 concepto
685 1076 837 1161 protinus
851 1075 934 1161 igni,

99 1191 266 1276 taedaque
281 1190 442 1256 consimili
455 1191 585 1255 ratione
600 1211 742 1255 accensa
756 1211 816 1276 per
831 1189 939 1254 undas

29 1279 30 1288 Η
99 1306 270 1378 conlucet,
284 1327 351 1391 quo
366 1326 508 1391 cumque
522 1312 642 1370 natans
657 1305 835 1391 impellitur
850 1306 956 1368 auris.

100 1421 131 1482 ni
146 1420 282 1495 mirum,
294 1420 373 1504 qnia
387 1420 513 1485 suntin
528 1441 616 1505 aqua
629 1420 795 1505 permulta
808 1420 945 1506 vaporis

101 1535 240 1610 semina,
252 1533 294 1598 de
309 1541 466 1619 terraque
480 1543 652 1599 necessest
664 1534 815 1600 funditus
829 1535 905 1622 ipsa

29 1639 30 1644 ’
49 1663 82 1706 aa
100 1647 183 1733 ignis
199 1669 344 1734 corpora
358 1669 419 1735 per
433 1655 541 1714 totum
557 1671 759 1736 consurgere
774 1649 900 1714 fontem

102 1773 132 1826 ct
146 1763 244 1828 simul
258 1763 427 1851 exspirare
441 1763 534 1828 foras
550 1765 708 1849 exireque
722 1765 755 1828 in
771 1785 887 1838 auras,

101 1897 166 1940 non
180 1879 229 1942 ita
242 1880 346 1943 multa
359 1888 488 1954 tamen,
500 1879 626 1943 calidus
643 1889 746 1964 queat
759 1888 797 1944 ut
810 1879 881 1943 fieri
894 1878 986 1956 sons,

101 2001 281 2076 propterea
296 1991 448 2078 dispersa
461 1993 553 2057 foras
569 2015 741 2080 erumpere
757 1993 847 2079 cogit

102 2105 149 2169 vis
163 2128 225 2193 per
240 2127 359 2191 aquam
374 2107 486 2172 subito
501 2129 699 2192 sursumque
715 2129 755 2172 ea
769 2108 952 2173 conciliari.

49 2230 84 2276 aaa
103 2220 192 2303 quod
205 2242 312 2307 genus
328 2221 416 2286 endo
431 2222 548 2287 marist
560 2221 666 2286 Aradi
679 2219 772 2296 fons,
785 2219 891 2285 dulcis
906 2223 1005 2307 aquai

104 2335 157 2418 qui
171 2337 271 2402 scatit
285 2345 319 2401 et
334 2337 440 2402 salsas
456 2336 579 2401 circum
594 2356 631 2399 se
646 2333 795 2399 dimovet
808 2333 933 2400 undas:

29 2451 30 2482 ³
104 2457 134 2511 et
147 2450 259 2516 multis
274 2452 345 2515 aliis
360 2451 501 2538 praebet
514 2450 706 2537 regionibus
722 2469 850 2534 aequor

104 2563 273 2629 utilitatem
288 2573 511 2653 opportunam
527 2564 705 2630 sitientibu’
719 2563 845 2641 nautis,

29 2669 30 2760 Η
104 2678 193 2760 quod
207 2677 314 2744 dulcis
328 2681 415 2746 inter
429 2681 534 2746 salsas
548 2680 635 2744 inter
649 2681 754 2745 vomit
767 2678 890 2744 undas.

52 2801 86 2846 95
104 2791 262 2880 sicigitur
276 2815 336 2882 per
352 2817 427 2860 eum
441 2803 585 2882 possunt
599 2817 773 2882 erumpere
788 2795 913 2860 fontem

29 2907 30 2970 l
106 2915 137 2970 ct
149 2917 280 2992 scatere
294 2910 352 2974 illa
365 2909 455 2975 foras
469 2911 504 2973 in
518 2918 674 2997 stuppam
689 2911 831 2985 semina;
844 2931 911 2994 quo
927 2930 1000 2972 oum

29 3093 30 3118 χ
107 3024 304 3089 conveniunt
319 3025 424 3089 autin
440 3022 552 3089 taedai
566 3045 709 3110 corpore
724 3023 925 3094 adhaerent,

107 3137 284 3204 ardescunt
295 3138 393 3203 facile
410 3137 593 3225 extemplo,
605 3139 683 3223 quia
697 3137 801 3201 multa
815 3157 951 3222 quoquc
965 3137 998 3199 in
1013 3158 1049 3199 sa

106 3255 225 3318 semina
238 3254 365 3318 habent
378 3253 463 3339 ignis
477 3261 621 3340 stuppae
636 3251 822 3336 taedaeque
837 3251 997 3337 tepentis.

56 3373 90 3422 00
107 3387 212 3433 nonne
227 3368 322 3432 vides
336 3369 433 3432 etiam
443 3417 450 3445 ‚
462 3377 628 3432 nocturna
642 3367 686 3432 ad
700 3367 822 3432 lumina
836 3367 938 3431 linum

107 3501 207 3569 nuper
222 3484 279 3548 ubi
293 3485 474 3548 extinctum
490 3483 686 3557 admoveas,
698 3481 873 3547 accendier
887 3489 965 3546 ante

29 3645 30 3722 p
109 3617 200 3680 quam
217 3599 325 3684 tetigit
339 3598 519 3674 flammam,
530 3598 730 3682 taedamque
744 3597 814 3676 pari
828 3597 979 3661 ratione?

29 3735 30 3754 ³
108 3713 270 3798 multaque
284 3721 461 3800 praeterea
474 3712 567 3798 prius
581 3713 655 3800 ipso
672 3721 762 3777 tacta
775 3733 903 3799 vapore

29 3883 30 3900 Η
109 3828 228 3892 eminus
242 3826 424 3892 ardescunt
439 3848 537 3912 quam
553 3828 735 3891 comminus
750 3827 877 3892 imbuat
890 3827 992 3912 ignis.

56 3945 90 3993 ’05
107 3936 167 4006 hoc
180 3943 280 4030 igitur
295 3943 366 4007 fieri
382 3963 516 4028 quoque
531 3942 563 4005 in
579 3942 635 4006 illo
651 3942 744 4006 fonte
760 3939 992 4030 putandumst.

29 4131 30 4178 Η
109 4141 303 4153 Ὲ---

110 4255 153 4306 877
176 4257 304 4312 Demittat
327 4257 337 4327 ΗΗ
361 4262 410 4310 878
433 4259 572 4327 ncbosque
595 4259 605 4323 Η
628 4261 677 4309 879
701 4256 799 4326 Frigus
819 4257 829 4326 ΗΗ
854 4261 903 4308 880
926 4255 989 4308 lacit
1013 4255 1023 4324 ΗΗ
1044 4259 1094 4307 880
1117 4256 1198 4308 muita
1221 4255 1231 4323 Η

29 4383 30 4408 Η
110 4339 155 4390 888
166 4337 295 4394 Preterca
313 4342 323 4410 Η
343 4345 392 4393 889
406 4341 559 4394 conciliare.
581 4339 592 4405 Η
611 4345 660 4392 890
678 4341 836 4410 ruarispurat
854 4338 864 4408 ΗΗ
883 4345 931 4391 892
951 4345 1056 4410 practer·
1074 4337 1084 4406 Η
1103 4345 1152 4390 eat
1171 4335 1231 4390 dul-

111 4418 144 4472 cit
160 4423 170 4490 Η
189 4429 238 4477 800
256 4442 307 4494 quc
325 4423 340 4493 ΗΗ.
355 4429 403 4477 897
421 4423 490 4478 dedu
507 4440 621 4494 corpora
639 4423 649 4490 Η
668 4429 717 4476 898
731 4424 774 4493 qui
794 4424 804 4494 Η
823 4428 871 4476 899
888 4431 1023 4477 tenentes.
1043 4423 1054 4488 ΗΗ
1072 4427 1121 4473 900
1134 4421 1232 4473 lumine
