3034 5204
650 477 701 545 Vl

101 650 235 716 fumida
250 672 323 714 cum
340 650 421 715 caeli
436 650 616 715 scintillare
631 651 741 714 omnia
754 649 878 738 templa

41 784 79 828 us
102 775 287 830 cernentes
303 763 425 850 pavida
441 766 654 852 complebant
667 777 806 850 pectora
822 788 916 842 cura,

103 879 192 966 quid
206 880 377 944 moliretur
391 899 501 943 rerum
517 889 637 945 natura
651 900 829 944 novarum.

149 995 253 1058 Hisce
268 995 328 1059 tibi
341 994 376 1057 in
390 994 491 1058 rebus
505 994 607 1059 latest
621 995 754 1080 alteque
768 989 950 1060 videndum

103 1119 142 1175 et
157 1110 258 1194 longe
273 1117 410 1173 cunctas
425 1109 459 1172 in
473 1110 578 1194 pertis
594 1108 851 1195 dispiciendum,

101 1235 146 1290 ut
161 1223 383 1288 reminiscaris
397 1243 557 1287 summam
571 1243 682 1286 rerum
696 1245 769 1288 esse
783 1223 999 1310 profundam,

41 1356 80 1402 ne
102 1347 142 1403 et
157 1336 273 1402 videas
289 1338 416 1402 caelum
430 1338 570 1402 summai
583 1339 686 1403 totius
701 1360 803 1402 unum

104 1473 210 1539 quam
225 1437 276 1516 sit
281 1451 421 1538 parvula
435 1472 514 1536 pars
530 1460 564 1517 et
578 1473 677 1537 quam
692 1453 878 1518 multesima
894 1455 1039 1528 constet,

103 1589 173 1632 nec
187 1574 261 1631 tota
274 1589 353 1651 pars
363 1614 371 1643 ‚
381 1567 482 1632 homo
499 1568 599 1632 terrai
615 1577 720 1652 quote
735 1569 838 1632 totius
853 1589 953 1633 unus.

104 1679 204 1768 quod
218 1681 302 1745 bene
317 1683 527 1767 propositum
542 1683 570 1746 si
585 1683 684 1769 plane
699 1691 880 1748 contueare
903 1693 905 1698 '

104 1819 150 1860 ac
164 1795 279 1861 videas
294 1796 410 1882 plane,
421 1797 532 1862 mirari
545 1797 649 1862 multa
662 1798 844 1884 relinquas.
926 1809 927 1814 ’

40 1930 80 1975 tte
103 1912 264 1997 numquis
280 1912 364 1975 enim
379 1919 532 1976 nostrum
546 1913 683 1976 miratur
691 1961 700 1994 ,
713 1913 816 1997 siquis
831 1913 866 1976 in
880 1921 974 1976 artus

104 2025 238 2111 aceepit
252 2024 361 2090 calido
378 2025 495 2090 febrim
509 2026 641 2091 fervore
657 2035 806 2090 coortam

106 2148 169 2205 aut
184 2138 282 2203 alium
298 2141 447 2226 quemvis
462 2140 569 2205 morbi
585 2161 645 2224 per
659 2142 807 2204 membre
822 2139 995 2204 dolorem?
1108 2143 1109 2146 ’

107 2256 318 2341 opturgescit
332 2255 418 2319 enim
433 2255 544 2319 subito
560 2275 638 2340 pes,
650 2253 767 2341 arripit
781 2275 859 2317 acer

107 2391 211 2456 saepe
227 2369 325 2434 dolor
341 2368 477 2449 dentes,
489 2369 606 2433 oculos
620 2366 750 2432 invadit
762 2367 796 2431 in
810 2367 919 2453 ipsos,

41 2504 81 2548 taut
106 2483 223 2548 existit
238 2505 333 2548 sacer
347 2484 433 2571 ignis
449 2493 482 2548 et
496 2483 563 2548 urit
578 2504 720 2568 corpore
735 2503 874 2568 serpens

107 2620 208 2685 quam
224 2620 364 2685 eumque
379 2599 519 2686 arripuit
533 2601 671 2684 partim,
682 2599 836 2686 repitque
850 2619 912 2682 per
926 2607 1018 2662 artus
1025 2645 1034 2676 ‚

107 2713 142 2778 ni
157 2713 291 2790 mirum,
308 2715 384 2800 quia
399 2722 478 2778 sunt
491 2713 666 2779 multarum
682 2714 808 2778 semina
821 2733 947 2787 rerum,

108 2835 143 2891 et
158 2829 240 2892 satis
254 2827 338 2892 haec
354 2828 451 2893 tellus
467 2829 540 2893 orbi
556 2828 749 2913 caelumque
763 2826 837 2891 mali
852 2827 932 2902 sert,

107 2941 198 3006 unde
214 2952 315 3029 queat
329 2943 380 3006 vis
395 2942 544 3006 immensi
558 2963 775 3028 procrescere
790 2941 911 3005 morbi.

14 3127 15 3130 Ἴ
40 3073 82 3118 cca
105 3045 268 3144 sicigitur
283 3057 346 3121 toti
361 3057 454 3120 eaelo
470 3066 648 3140 terraeque
663 3053 883 3141 putandumst

14 3131 16 3286 l
108 3193 150 3236 ex
164 3171 291 3236 infinito
307 3173 388 3237 satis
403 3172 513 3236 omnia
527 3167 758 3256 suppeditare,

14 3301 15 3372 l
108 3286 199 3366 unde
213 3294 352 3372 repente
367 3293 470 3372 queat
484 3284 582 3350 tellus
598 3304 763 3348 concussa
776 3281 903 3345 moveri

14 3433 15 3472 ι
108 3421 235 3486 perque
249 3423 340 3466 mare
355 3422 394 3466 ac
407 3409 517 3466 terras
531 3397 670 3484 rapidus
683 3416 881 3484 percurrere
895 3395 1011 3470 turbo,

108 3515 194 3602 ignis
209 3515 381 3580 abundare
394 3515 564 3580 Aetnaeus
573 3563 581 3590 ‚
591 3513 816 3578 flammescere
831 3511 973 3575 caelum:

43 3649 85 3690 uc
106 3629 142 3694 id
157 3651 292 3716 quoqne
308 3631 393 3694 enim
406 3629 461 3705 fit,
474 3637 508 3694 et
521 3627 704 3693 ardescunt
719 3626 875 3690 caelestia
889 3625 1028 3711 templa,

110 3753 144 3810 et
159 3753 375 3831 tempestates
388 3743 524 3830 pluviae
538 3743 691 3828 graviore
707 3748 826 3806 coortu

14 3917 15 3946 p
108 3868 204 3937 sunt,
215 3859 272 3924 ubi
284 3859 373 3924 forte
387 3859 436 3923 ita
451 3878 488 3922 se
505 3856 687 3921 tetulerunt
702 3856 828 3920 semina
841 3839 1017 3940 equarum.

105 3969 150 4038 'at
163 3975 260 4038 nimis
276 3984 328 4039 est
341 3975 458 4060 ingens
472 3969 606 4036 incendi
621 3969 775 4036 turbidus
790 3969 911 4035 ardor!

14 4077 15 4098 ³
106 4089 252 4164 scilicet,
264 4098 297 4154 et
311 4087 430 4155 fluvius
446 4088 554 4174 quivis
570 4093 623 4150 est
636 4084 797 4149 maximus
812 4085 842 4148 ei

106 4375 159 4424 648
171 4367 385 4440 despiciendum.
404 4371 414 4437 ΙΙ
433 4374 482 4420 653
497 4369 652 4439 propositus
671 4367 680 4434 Η
699 4365 770 4436 pleni
789 4361 799 4431 ll
819 4369 868 4416 658
882 4363 1053 4427 Obtureescit
1071 4363 1081 4432 ΙΙ
1099 4366 1147 4413 662
1164 4360 1207 4428 qui
1226 4361 1237 4426 ΙΙ

109 4458 161 4506 666
178 4453 266 4506 morbi
284 4451 295 4520 ΙΙ
313 4454 361 4504 667
380 4467 511 4504 concusso
531 4451 541 4520 ll
560 4456 608 4503 674
627 4449 671 4518 qui
690 4449 762 4501 visus
811 4471 814 4478 ·

980 4543 1035 4608 15·
