2990 5202
268 475 338 544 224
800 474 848 542 lV

245 683 248 692 ·
267 672 335 715 xxv
352 647 510 714 127-151
537 669 612 712 cum
633 647 750 724 titulo;
771 647 805 710 in
820 647 949 713 scheda
969 647 1088 732 quinta
1111 669 1144 710 nr
1169 645 1383 712 152-20201

268 749 385 814 titulus
399 749 433 812 in
448 747 513 811 fine
529 746 651 832 prioris
665 747 827 833 paginam
849 747 883 810 in
904 753 1021 810 sextae
1041 745 1157 831 priore
1179 744 1266 809 fecie
1288 767 1384 816 xxvi,

267 845 449 912 203-2282
471 845 531 909 sed
547 846 582 908 in
602 845 709 908 altere
723 845 849 930 pagina
863 850 994 928 septem
1009 865 1129 910 versus
1149 845 1315 930 postremi
1331 865 1385 908 re·

266 946 364 1032 petiti
379 945 515 1008 fuerunt
525 941 690 1007 222-228
706 942 740 1025 (ii
756 943 893 1006 enimin
908 941 1077 1027 quadrato
1093 940 1211 1007 codiee
1225 951 1309 1026 post
1321 942 1385 1006 228

266 1048 386 1110 iterum
406 1043 524 1126 scripti
539 1043 647 1126 sunt),
670 1041 728 1126 qui
743 1041 914 1105 coniuncti
937 1061 1013 1104 cum
1034 1040 1199 1124 proximis
1213 1039 1382 1104 229-247

267 1143 417 1209 efficiunt
427 1163 527 1205 xxvi:
543 1138 672 1204 scheda
686 1139 830 1223 septime
841 1139 951 1203 tenuit
962 1159 1082 1202 versus
1096 1137 1334 1214 reatu—298,
1349 1153 1384 1201 et

266 1241 398 1308 titulum
412 1261 514 1304 unum
529 1246 608 1302 ante
623 1237 701 1302 269.

350 1341 419 1405 150.
442 1359 639 1402 orrosrnn
663 1357 868 1399 rusnuur.
890 1334 967 1400 ltali
990 1355 1188 1400 orrosrr..

352 1437 418 1503 152.
446 1435 539 1502 Nm
561 1456 710 1511 uscue,
737 1456 805 1497 urr
827 1455 1002 1508 vassum,
1025 1455 1203 1498 rossuur
1225 1456 1381 1498 nanus·

266 1561 351 1612 ins,
380 1557 512 1611 uncus
536 1555 670 1597 nurum
693 1532 842 1596 Scrunr
858 1579 866 1595 .
883 1532 939 1596 Sic
958 1539 1092 1596 veteres
1112 1539 1146 1595 et
1160 1530 1256 1604 Itali,
1283 1556 1383 1619 aequae

265 1648 365 1702 netem
374 1661 384 1698 .·
394 1631 550 1717 impressi
560 1651 676 1694 omnes
686 1653 783 1716 neque
794 1641 880 1708 aute,
895 1651 971 1694 cum
984 1629 1190 1693 intellectum
1206 1651 1277 1692 non
1290 1639 1381 1693 esset

265 1737 300 1799 in
315 1733 476 1819 proximis
491 1751 584 1816 quam
605 1749 792 1812 pronomen
808 1749 900 1802 esse,
922 1747 991 1790 non
1006 1727 1295 1792 coniunctionem.
1318 1726 1381 1792 sed

260 1841 388 1920 possunt
406 1829 488 1892 ferri
509 1847 578 1890 non
599 1825 717 1892 debet:
738 1832 841 1911 poeta
863 1826 948 1890 enim
970 1824 1120 1890 nondum
1139 1825 1183 1889 de
1203 1828 1380 1890 serrolam-is

265 1931 431 2016 loquitur,
452 1925 514 1991 sed
529 1924 572 1990 de
594 1923 743 2009 eoquod
762 1947 914 1988 mmmum
929 1922 972 1986 de
991 1924 1094 1989 rebus
1112 1921 1268 1988 abundat
1282 1933 1318 1987 et
1332 1926 1379 1990 ia-

266 2031 369 2094 citur.
385 2046 466 2112 ergo
482 2021 697 2088 scribendum
709 2029 762 2086 est
776 2045 823 2088 ro
833 2044 895 2086 r1s
909 2045 928 2084 n
938 2045 996 2096 sr,
1011 2043 1080 2085 non
1089 2023 1201 2106 poerit,
1218 2021 1315 2106 qnod
1329 2031 1378 2086 te·

168 2201 176 2217 ,
266 2129 331 2194 cite
346 2124 477 2214 sutfecit
494 2121 693 2188 Creechius.

350 2227 418 2290 159.
440 2244 671 2286 emuniens
696 2242 926 2285 osnuurus.
950 2218 1377 2304 Hicquoqueuecessario

264 2323 443 2413 legendum
458 2343 695 2394 urrunnun,
714 2341 789 2384 cum
803 2319 985 2384 Lambino.

351 2423 417 2488 166.
448 2441 657 2484 srncunuu
680 2441 757 2494 ouo
788 2439 946 2493 cursous
979 2439 1243 2480 onvserrmus
1267 2440 1377 2488 ouis,

264 2524 349 2587 Rns
371 2541 454 2585 sini
477 2537 769 2580 cnsnounnur.
793 2516 914 2580 On'sin
928 2513 1074 2600 oblongo
1090 2515 1267 2578 omissum.
1288 2515 1378 2580 idem

189 2685 195 2697 ,
267 2623 329 2684 Res
349 2618 412 2680 ibi:
434 2613 621 2699 quadrntns
641 2613 697 2674 eti
718 2613 914 2697 respondem,
937 2611 1031 2697 quod
1045 2611 1126 2676 mihi
1146 2613 1245 2677 unice
1259 2635 1377 2678 verum

265 2716 417 2781 videtur.
433 2733 509 2774 nam
519 2735 568 2774 rer
579 2731 680 2774 verae
697 2711 756 2774 e'bi
769 2711 980 2794 respondent
995 2731 1013 2774 e
1028 2711 1166 2796 speculo
1181 2711 1236 2776 vel
1249 2713 1284 2776 in
1300 2734 1378 2797 spe·

266 2814 360 2878 culo:
376 2823 411 2875 et
426 2808 648 2894 conspicienti
658 2827 728 2872 non
741 2809 835 2893 ipsae
846 2833 895 2874 res
907 2809 968 2873 sed
982 2831 1095 2874 rerum
1109 2809 1271 2896 imagines
1287 2813 1329 2874 ibi
1344 2813 1377 2876 iu

267 2909 403 2999 speculo
424 2906 652 2993 respondent.
685 2927 789 2992 porro
812 2929 871 2994 quo
893 2931 1021 2994 eumque
1046 2907 1069 2972 Ι.
1080 2907 1114 2971 F.
1124 2907 1321 2974 Gronovius
1343 2910 1378 2974 in

265 3008 541 3078 observationum
560 3006 646 3071 libro
666 3029 715 3082 ιιι,
727 3006 765 3070 19
780 3007 884 3093 ρ.609
906 3027 967 3070 cnr
980 3004 1069 3070 ferre
1091 3006 1175 3072 nolit
1198 3017 1234 3070 et
1247 3009 1377 3088 scribet

264 3135 327 3200 qun
347 3133 489 3196 cumque,
510 3127 562 3171 me
583 3128 650 3170 non
670 3106 866 3190 intellegere
887 3103 1019 3168 fateor:
1047 3104 1166 3170 videor
1187 3106 1275 3170 enim
1296 3106 1376 3170 mihi

263 3217 355 3274 recte
377 3207 531 3272 dicturus
553 3225 628 3268 esse
648 3206 675 3266 si
695 3203 923 3289 specularetur
942 3201 1057 3286 (idest
1076 3203 1110 3266 in
1125 3203 1205 3268 dane
1226 3212 1375 3289 partem,

262 3309 356 3372 velut
374 3307 408 3371 in
424 3303 579 3368 dextram
598 3321 705 3364 meam
726 3309 760 3364 et
774 3301 876 3386 paulo
897 3309 977 3386 post
990 3301 1026 3364 in
1041 3301 1223 3383 sinistram)
1244 3313 1324 3366 mlo
1340 3303 1376 3366 ud

262 3404 452 3492 eope-ficiem
465 3402 528 3479 rei,
549 3399 600 3462 ee
619 3396 668 3480 (id
684 3406 736 3462 est
750 3398 853 3463 modo
870 3399 904 3462 in
920 3397 1058 3474 dextre,
1081 3407 1162 3484 post
1175 3399 1210 3462 in
1225 3400 1375 3486 sinistra)

262 3503 375 3587 species
389 3501 436 3562 itti
449 3498 558 3560 similis
571 3497 743 3581 respondet.

348 3595 416 3660 170.
431 3615 591 3658 anunm.
605 3593 645 3656 In
659 3591 747 3658 libro
762 3595 871 3671 v1,251
884 3619 1022 3659 rearuur.
1040 3593 1122 3660 nihil
1136 3596 1295 3661 interest:
1312 3596 1374 3662 sed

263 3698 319 3761 vix
333 3692 436 3760 oredo
452 3697 589 3777 poetam
603 3690 692 3756 hanc
705 3693 979 3780 inaequalitatem
994 3693 1189 3760 relicuuum
1205 3693 1329 3771 fuisse,
1345 3697 1374 3760 si

262 3815 397 3862 carmen
411 3811 508 3858 snum
521 3791 596 3876 ipse
609 3789 790 3857 edidisset.

349 3893 413 3958 175.
442 3913 574 3968 unoun
597 3911 676 3954 nnn
698 3913 877 3956 serious
901 3913 1087 3956 sennenn
1114 3913 1269 3956 moris.
1298 3891 1374 3956 Itali

262 3999 296 4056 et
310 3991 464 4076 impressi
478 4013 548 4054 eam
562 4011 788 4054 nnn-rouen.
810 3988 872 4053 scd
889 4009 1006 4074 quam,
1022 4009 1166 4074 quaeso,
1181 3991 1374 4055 rationem?

261 4109 377 4156 eamne
391 4089 529 4162 iterum,
552 4109 651 4172 quem
673 4085 775 4150 modo
798 4085 885 4150 dixit
906 4087 1069 4151 neminem
1085 4087 1172 4152 scire
1193 4109 1314 4172 posse,
1336 4089 1374 4152 id

261 4197 314 4253 est
328 4185 490 4273 quantula
503 4186 693 4250 nimborum
706 4206 787 4270 pars
798 4185 908 4270 imago
920 4185 988 4248 sit?
1004 4207 1071 4248 non
1083 4186 1194 4271 magni
1208 4187 1374 4250 acuminis

260 4309 315 4352 res
327 4293 416 4358 erat,
432 4280 494 4348 sed
506 4302 609 4367 supra
619 4281 788 4348 levitatem
801 4282 967 4346 editorum
980 4283 1145 4358 Lucretii,
1160 4293 1194 4347 et
1209 4283 1265 4348 hic
1277 4284 1374 4348 dem-

260 4407 337 4450 num
353 4403 428 4450 esse
447 4381 642 4466 intellegere
658 4390 692 4445 et
712 4403 755 4444 ex
768 4382 924 4464 proximu
943 4381 1065 4446 vicinia
1085 4383 1242 4446 auxilinm
1259 4403 1372 4446 arcos-

259 4505 349 4548 sere.
366 4503 441 4546 nam
458 4490 599 4565 quartus
614 4482 656 4545 ab
672 4480 740 4545 hoc
754 4501 873 4544 versus
887 4481 943 4546 ubi
961 4481 1010 4545 sic
1026 4481 1172 4566 scriptus
1189 4479 1328 4566 legitur,
