2946 5188
626 477 643 546 1

56 661 132 717 tuto
149 673 210 718 res
226 661 359 718 teneros
375 651 470 717 effert
483 653 517 716 in
532 653 662 718 luminis
677 653 780 718 oras?
859 687 865 696 ·

20 785 34 830 o
57 767 198 851 quodsi
215 768 257 832 de
273 767 341 831 nilo
355 767 490 844 fierent,
502 749 612 834 subito
628 775 847 833 exorerentur

59 882 192 946 incerto
210 883 323 968 spatio
338 889 441 968 atque
454 881 570 948 alienis
585 883 738 969 pertibus
753 853 858 959 annis
896 927 902 936 -

59 997 187 1082 quippe
202 996 261 1060 ubi
275 995 367 1061 nullo
379 995 492 1072 forent
504 996 705 1083 primordia,
716 1019 803 1082 quae
817 998 952 1083 genitali

61 1111 205 1175 concilio
219 1117 361 1196 possent
375 1113 482 1176 areeri
496 1120 648 1198 tempore
660 1112 791 1197 iniquo.

59 1245 120 1286 nee
135 1245 244 1308 porro
260 1223 421 1311 augendis
435 1227 537 1292 rebus
552 1227 662 1313 spatio
676 1225 768 1291 foret
779 1247 879 1300 usus,

20 1355 41 1400 u
61 1337 198 1402 seminis
215 1338 260 1403 ed
276 1339 415 1415 coitum
427 1340 456 1404 si
471 1361 489 1404 e
504 1340 572 1405 nilo
588 1361 741 1406 erescere
756 1345 913 1430 possent:
975 1383 978 1389 -

62 1473 136 1516 nem
151 1451 275 1517 fierent
288 1453 427 1519 iuvenes
443 1455 554 1519 subito
571 1475 613 1520 ex
626 1455 800 1520 infantibu’
812 1457 941 1540 parvis,

64 1587 80 1628 e
95 1575 257 1653 terraque
273 1577 390 1633 exorta
403 1577 543 1656 repente
557 1571 696 1635 arbusta
711 1571 863 1636 salirent.
893 1610 899 1622 ·

65 1700 207 1763 quorum
221 1682 269 1746 nil
282 1681 353 1746 fieri
366 1682 575 1749 manifestum
585 1692 658 1759 ast,
669 1685 780 1750 omnia
793 1685 930 1770 quondo

67 1794 223 1877 perstatim
239 1803 412 1872 creseunt,
423 1805 462 1861 ut
474 1818 537 1883 par
552 1807 604 1864 est
617 1799 742 1864 semine
757 1807 849 1864 certo

21 1920 48 1965 so
68 1928 216 1974 erescere
226 1959 234 1986 ‚
244 1931 368 1997 resque
382 1931 488 1996 genus
504 1922 658 1990 servant3
669 1921 708 1978 ut
720 1933 862 1978 noscere
876 1916 986 1999 possis

69 2023 209 2110 quinque
224 2046 286 2089 sua
300 2025 343 2090 de
356 2026 495 2090 materie
508 2027 731 2114 grandescere
746 2027 869 2113 alique.

70 2135 132 2202 huo
146 2139 279 2205 secedit
292 2139 342 2204 uti
357 2141 428 2205 sine
442 2143 543 2208 oertis
557 2142 717 2208 imbribus
732 2144 809 2207 enni

72 2251 228 2320 laetificos
242 2263 389 2339 nequeat
401 2254 490 2320 fetus
506 2257 700 2322 submittere
714 2257 830 2332 tellus,

73 2386 129 2430 neo
142 2389 246 2456 porro
261 2377 393 2434 seorots
407 2371 482 2435 oibo
496 2377 619 2435 nature
631 2371 835 2435 animantum

20 2489 55 2536 ne
75 2501 258 2568 propagare
272 2504 378 2570 genus
393 2484 503 2572 possit
515 2484 685 2570 vitamque
699 2486 800 2563 tueri3

74 2602 108 2658 ut
122 2598 231 2682 potius
244 2599 357 2664 multis
372 2600 557 2664 communie
571 2619 716 2685 eorpora
729 2601 831 2666 rebus

78 2710 172 2776 multa
184 2721 283 2798 putes
299 2735 391 2788 esse,
402 2722 441 2779 ut
455 2715 566 2780 verbis
581 2715 744 2780 elementa
756 2713 926 2792 videmus,

78 2843 169 2906 qnam
183 2828 253 2892 sine
268 2829 439 2916 principiis
453 2829 553 2895 ullam
566 2850 636 2894 rem
651 2829 794 2894 existere
809 2850 924 2915 posse.

76 2928 212 3027 ‘denique
227 2963 287 3008 our
301 2943 454 3008 homines
467 2950 584 3008 tantos
597 2949 718 3008 natura
732 2963 853 3030 parare

26 3063 61 3106 2¹¹u
79 3072 139 3118 non
152 3059 279 3142 potuit,
289 3057 433 3145 pedibus
449 3058 506 3141 qui
519 3064 661 3142 pontum
675 3077 736 3143 per
750 3056 839 3121 vada
855 3068 996 3143 possent

82 3173 212 3236 transire
228 3181 263 3237 et
276 3167 416 3258 magnos
430 3171 582 3236 manibus
597 3169 757 3235 divellere
772 3172 895 3236 montis

81 3284 238 3371 multaque
253 3287 399 3352 vivendo
414 3287 529 3351 vitalia
541 3286 675 3350 vincere
690 3287 815 3362 saecla,

83 3395 106 3457 si
118 3419 198 3474 non,
209 3401 365 3465 materies
380 3400 459 3486 quia
472 3401 574 3466 rebus
587 3399 724 3466 reddita
738 3409 865 3466 certast

83 3509 295 3596 gignundis‚e
311 3535 378 3600 que
393 3524 526 3580 constat
541 3514 622 3600 quid
637 3515 747 3600 possit
761 3515 864 3580 oriri?

32 3631 65 3676 ’Μ
82 3624 228 3716 utigitur
241 3629 314 3695 fieri
329 3629 372 3694 de
386 3630 454 3694 nilo
469 3651 571 3716 posse
584 3627 805 3704 fatendumst,

84 3743 194 3806 somine
209 3741 346 3828 qnando
362 3766 448 3830 opus
463 3751 516 3808 est
527 3746 647 3832 rebus,
659 3764 727 3829 quo
742 3763 896 3829 quaeque
912 3751 1041 3809 creatae

84 3856 157 3920 atris
171 3857 204 3921 in
218 3867 353 3922 teneras
368 3858 500 3944 possint
513 3857 695 3944 proferrier
709 3879 823 3922 auras.

84 3979 240 4048 postremo
257 3973 412 4056 quoniam
426 3973 560 4036 incultis
576 3979 749 4058 praestare
763 3971 915 4036 videmus

85 4083 162 4148 culte
174 4085 250 4151 looe
264 4093 298 4150 et
312 4087 462 4152 menibus
477 4086 621 4152 melioris
635 4086 779 4150 reddere
794 4085 899 4160 fetus,
954 4173 959 4182 ’

36 4197 68 4243 ‘²¹⁴¹
86 4211 149 4263 osso
163 4200 318 4266 videlieet
331 4203 364 4264 in
379 4203 479 4266 terris
493 4201 675 4286 primordia
688 4221 813 4278 rerum,

91 4446 129 4498 lto
146 4447 354 4519 crescentesque
372 4449 382 4516 ΙΙ
401 4454 449 4502 207
468 4457 578 4518 possent
