2972 5188
643 515 676 584 V
1140 517 1210 587 329

100 699 139 755 et
148 689 260 755 Varro
268 690 433 766 Lucilius3
446 689 540 754 cuius
551 689 638 754 haec
649 695 729 752 sunt
737 697 936 774 praecepta,
947 712 1043 775 porro
1054 689 1109 755 leae
1118 693 1211 781 ‚filiu'

100 790 186 854 Luci
194 835 202 864 ‚
218 787 341 852 Fennis
354 791 367 851 i
380 789 476 853 solum
484 837 494 868 ,
507 798 541 852 ut
554 787 675 852 Corneli
694 788 894 876 Cornefloique
902 836 911 867 ‚
923 789 1000 852 item
1016 790 1067 852 ia·
1073 789 1152 876 saci’
1162 814 1210 856 ao·

99 888 183 960 lum,
198 886 316 972 Popilli
323 933 333 966 ‚
342 887 436 971 pueri
443 934 452 964 ,
468 885 589 965 Lucili,
604 885 659 950 loe
673 886 832 974 muniſset.
849 906 953 970 quare
967 907 1035 950 non
1050 886 1211 954 debemus

99 984 242 1050 credere
256 985 420 1049 Lucilium
441 984 506 1049 hos
527 985 703 1071 genetivus
717 987 730 1046 i
744 982 870 1067 duplici
892 982 1058 1048 finiendos
1072 1007 1210 1070 praece·

97 1083 214 1168 pisse,
228 1083 381 1168 quamvis
394 1083 576 1147 Caesellius
587 1081 723 1147 Vindex
739 1080 907 1167 quendam
923 1081 993 1146 eius
1008 1084 1210 1150 versiculum

96 1181 148 1244 ita
162 1180 379 1265 interpretari
394 1179 551 1245 videatur
572 1179 664 1265 apud
679 1179 877 1244 Putschinm
892 1201 923 1264 p.
935 1178 1018 1242 2318
1033 1227 1041 1253 ‚
1063 1201 1162 1265 quem
1175 1183 1211 1248 in

98 1279 305 1342 contrariam
322 1285 451 1364 partem
462 1287 557 1342 recte
568 1278 739 1364 accipiunt
749 1276 887 1362 Bedap.
898 1275 980 1340 2373
992 1285 1027 1341 et
1038 1275 1211 1344 Charisius

98 1395 131 1460 p.
141 1374 202 1440 60.
225 1375 286 1439 sed
306 1375 341 1439 in
357 1373 500 1440 Charisii
522 1374 640 1440 codice
662 1374 746 1460 quid
768 1373 830 1450 sit,
852 1395 923 1438 non
945 1374 1210 1442 aLindemanno

99 1472 301 1538 discendum
324 1481 395 1548 est,
417 1472 480 1538 scd
502 1493 544 1536 ex
558 1471 600 1536 H.
616 1472 717 1536 Keilii
736 1473 772 1536 in
788 1472 950 1537 Catonem
973 1479 1008 1536 et
1022 1470 1212 1539 Varronem

98 1571 399 1636 observationibus
413 1591 446 1656 p.
456 1569 513 1634 96.
527 1571 643 1654 itaque
658 1571 909 1656 grammaticum
924 1570 1010 1635 haec
1024 1569 1068 1635 de
1082 1571 1211 1638 Lucilio

98 1668 279 1752 scripsisse
302 1675 516 1742 certumst,
540 1670 721 1756 Numquam
742 1671 823 1732 euim
843 1669 899 1732 loc
919 1670 1083 1747 insedisset,
1103 1672 1163 1734 nisi
1184 1684 1213 1736 et

99 1763 289 1830 Numerium
297 1790 358 1853 per
372 1769 385 1829 i
398 1767 487 1830 huius
502 1767 636 1832 numeri
647 1766 831 1853 faciendum
845 1767 999 1830 crederet:
1020 1767 1138 1832 Lucilii
1153 1791 1211 1833 au·

98 1873 171 1928 tam
186 1865 380 1930 versumad
398 1864 489 1928 hunc
503 1863 574 1928 fere
588 1862 725 1928 modum
741 1885 817 1927 cum
832 1871 946 1928 cetera
961 1866 1114 1930 oratione
1130 1889 1211 1932 cou-

98 1963 252 2028 iuuctum
274 1962 379 2029 fuisse
401 1964 574 2048 suspicor,
593 1958 785 2048 ‘[memeuto]
804 1963 957 2027 Seruandi
977 1964 1111 2028 Numeri
1118 1969 1135 2045 ,'
1153 1989 1211 2030 nu·

97 2085 220 2124 mertun
241 2073 275 2124 ul
294 2065 436 2125 servemu'
462 2061 667 2146 madeatque,
686 2058 868 2143 [Dicimu':
893 2061 976 2146 quod
994 2061 1021 2124 si
1043 2062 1104 2124 ulio
1119 2073 1213 2146 pacto

99 2181 212 2222 nomeu
228 2169 408 2243 pateranus·
429 2159 556 2230 Versus,
578 2158 721 2220 dixissen
739 2151 929 2220 ‘seruandum
953 2167 1013 2221 tute
1033 2161 1216 2246 munerata']

99 2269 254 2320 ceterum
277 2264 447 2320 extremae
468 2255 680 2342 ignorantiae
702 2263 755 2319 est
770 2277 910 2340 mquam
924 2255 1213 2340 PompiliiLucilio

100 2353 294 2439 adfingere,
310 2375 398 2438 quae
410 2351 822 2418 debeturlibrariisNonii
833 2351 945 2437 p.255,
959 2353 1013 2429 15,
1030 2375 1104 2417 cum
1116 2375 1213 2440 aper·

100 2461 175 2514 tum
188 2451 233 2514 sit
248 2458 383 2536 poetam
395 2451 571 2536 scripsisse
583 2452 738 2536 Perarepa
750 2473 887 2536 pupaam
895 2450 1026 2534 Popilli,
1033 2450 1125 2537 sacta
1140 2453 1214 2517 Cor·

100 2551 165 2614 nell
179 2573 255 2613 cane
266 2576 276 2612 :
297 2571 371 2614 uam
387 2549 432 2614 Μ.
444 2549 609 2636 Popillius
622 2547 756 2613 Laenas
771 2547 901 2633 proelio
916 2548 1027 2612 motus
1043 2556 1096 2613 cst
1110 2571 1130 2613 a
1144 2550 1213 2614 Nu-

100 2649 259 2712 mantinis
268 2669 356 2712 anno
366 2650 408 2714 ab
419 2649 503 2712 urbe
512 2646 651 2710 condita
659 2645 870 2720 616‚bellum
877 2643 1057 2710 Africanus
1067 2645 1215 2712 confecit

101 2747 163 2811 621
178 2796 185 2822 ,
208 2755 242 2810 et
257 2749 427 2832 pertinent
443 2745 487 2811 ad
503 2743 771 2810 eundem-locum
786 2743 822 2806 hi
836 2765 975 2818 versuS,
1004 2743 1042 2806 Ut
1055 2745 1215 2810 Rmnaueu

97 2847 234 2930 papulus
247 2848 340 2910 vienn
353 2849 383 2910 ui
397 2857 426 2910 et
437 2855 597 2930 seepmulus
606 2843 733 2928 proeliis
749 2842 849 2927 Saepe
863 2853 906 2906 est
917 2843 1039 2922 muas,
1053 2843 1129 2908 bella
1143 2867 1214 2909 uero
1273 2891 1279 2906 .

102 2965 271 3030 reumquam
282 2991 290 3021 ,
317 2946 351 3006 in
373 2966 432 3029 quo
453 2954 522 3005 uenat
542 2943 644 3004 omnia
655 2988 663 3018 ,
685 2941 832 3022 itemque
854 2939 889 3001 hi
900 2986 909 3016 ‚
935 2940 1045 3004 Contra
1057 2940 1214 3028 flayitium

102 3050 226 3103 nocuae
240 3064 274 3102 re
294 3039 399 3122 (apud
412 3039 560 3102 Nonium
580 3058 613 3119 p.
633 3036 699 3109 186,
709 3036 750 3098 30
769 3037 897 3118 nescire)
919 3036 995 3099 bello
1015 3038 1095 3099 vinei
1109 3063 1129 3101 a
1143 3039 1213 3102 bar·
1266 3085 1271 3102 .

103 3138 198 3214 baro,
221 3137 375 3216 Viriatho,
398 3135 592 3199 [Iannibale.
615 3132 759 3217 denique
773 3130 935 3196 Italorum
951 3133 1114 3196 sermonis
1129 3135 1163 3196 iu
1178 3155 1215 3198 re

105 3255 184 3297 cum
194 3231 248 3296 his
257 3233 421 3319 genetiuis
433 3230 707 3297 coniunctissima
717 3229 831 3293 similis
842 3227 1008 3315 quaedam
1018 3231 1214 3295 vicissitudo

103 3330 411 3416 praetermittenda
426 3328 588 3393 nonfuit.
604 3327 726 3391 horum
739 3326 825 3390 enim
841 3326 993 3412 plerique
1005 3327 1125 3405 hodie,
1140 3350 1215 3392 cum

103 3430 239 3494 studium
259 3427 381 3514 plurali
399 3447 539 3492 numero
561 3425 724 3500 efferunt,
745 3425 795 3489 ita
812 3424 971 3490 locantin·
989 3432 1029 3489 ut
1048 3447 1085 3491 se
1098 3447 1215 3492 verum

104 3548 227 3592 sonum
238 3548 308 3590 nou
320 3546 540 3611 expressurus
553 3531 690 3609 putent,
701 3524 765 3588 nisi
777 3530 836 3587 aut
846 3525 930 3609 sludj
937 3533 996 3588 aut
1005 3525 1097 3589 studii
1109 3526 1215 3612 scrip·

105 3625 231 3690 serint:
256 3631 376 3688 contra
391 3632 522 3688 veteres
538 3623 748 3707 scripserunt
761 3623 859 3697 studi,
880 3643 990 3707 neque
1004 3623 1164 3688 videntur
1178 3624 1215 3688 il·

107 3723 174 3787 lum
190 3723 401 3810 pinguiorem
416 3743 535 3786 sonum
552 3720 704 3786 audisse.
721 3728 813 3785 certe
828 3721 1016 3785 Petrarcha
1029 3721 1064 3785 in
1079 3730 1216 3786 souctto

110 3821 249 3886 leucoe
270 3820 414 3885 medium
430 3819 575 3883 collocat
595 3821 684 3900 iuter
698 3819 763 3884 alia
778 3841 865 3903 quae
885 3819 1037 3882 vocalem
1057 3827 1217 3884 extenua·

60 3289 68 3332 l

107 3927 175 3983 tam
189 3919 337 3994 habenta
359 3919 462 3982 chietdi
475 3918 554 4001 (hcc
569 3925 622 3982 cst
636 3920 764 4000 claetdu)
784 3919 864 3982 studi
878 3919 967 3980 cnudi
981 3919 1106 4002 ipaudi.
1129 3917 1216 3982 idem

106 4017 140 4080 iu
163 4015 333 4100 triumpho
356 4017 473 4080 mortis
488 4038 509 4090 1,
518 4015 559 4079 62
580 4015 677 4099 paria
697 4016 794 4100 ponit
816 4025 848 4076 tu
866 4016 974 4098 puidi,
996 4016 1019 4078 a·
1030 4016 1094 4104 fidi
1103 4065 1113 4096 ‚
1134 4018 1218 4082 molti
1322 4017 1325 4030 '

100 4116 233 4200 justidi,
255 4123 293 4179 ut
315 4115 483 4181 hodierno
499 4135 592 4177 more
604 4112 721 4199 scsudj
739 4112 805 4176 dici
820 4133 888 4176 non
903 4112 1045 4178 debeat.
1068 4115 1220 4182 similiter

109 4210 239 4276 Dentes
261 4213 296 4276 in
310 4213 476 4278 Paradiso
499 4233 545 4288 v1‚
553 4211 593 4274 47
616 4211 696 4274 Deci
710 4236 727 4274 e
742 4208 840 4289 Fabi,
861 4211 981 4291 Arabi,
1002 4223 1034 4276 tu
1048 4213 1110 4276 labi
1120 4261 1129 4292 ‚
1150 4233 1218 4276 non

113 4309 206 4395 Fabj.
228 4311 318 4375 idem
340 4312 474 4397 tripaldi,
504 4331 572 4373 non
594 4309 726 4394 tripauij,
748 4309 783 4371 in
805 4307 922 4372 cadem
946 4309 1100 4373 carminis
1122 4315 1220 4392 parte

112 4429 231 4482 xima,
257 4408 342 4482 124,
375 4410 503 4474 scilicet
531 4409 744 4474 coniunctum
775 4428 847 4471 cum
870 4407 1080 4474 tenuioribus
1111 4405 1221 4470 airaudi

115 4515 148 4569 et
163 4507 246 4570 ludi.
