<?xml version="1.0" encoding="UTF-8"?>
<!DOCTYPE html PUBLIC "-//W3C//DTD XHTML 1.0 Transitional//EN"
    "http://www.w3.org/TR/xhtml1/DTD/xhtml1-transitional.dtd">
<html xmlns="http://www.w3.org/1999/xhtml" xml:lang="en" lang="en">
 <head>
  <title>
</title>
<meta http-equiv="Content-Type" content="text/html;charset=utf-8" />
  <meta name='ocr-system' content='tesseract 3.04.00' />
  <meta name='ocr-capabilities' content='ocr_page ocr_carea ocr_par ocr_line ocrx_word'/>
</head>
<body>
  <div class='ocr_page' id='page_1' title='image "./intlucretiicari00lachgoog_0664.png"; bbox 0 0 2990 5182; ppageno 0'>
   <div class='ocr_carea' id='block_1_1' title="bbox 577 477 1234 578">
    <p class='ocr_par' dir='ltr' id='par_1_1' title="bbox 577 477 1234 578">
     <span class='ocr_line' id='line_1_1' title="bbox 577 477 1234 578; baseline 0.008 -35"><span class='ocrx_word' id='word_1_1' title='bbox 577 479 581 490; x_wconf 92' lang='lat'>·</span> <span class='ocrx_word' id='word_1_2' title='bbox 660 477 708 545; x_wconf 84' lang='lat' dir='ltr'><strong>vr</strong></span> <span class='ocrx_word' id='word_1_3' title='bbox 814 568 818 578; x_wconf 24' lang='grc' dir='ltr'>Ι</span> <span class='ocrx_word' id='word_1_4' title='bbox 1167 483 1234 550; x_wconf 77' lang='grc' dir='ltr'><strong>ιιι</strong></span> 
     </span>
    </p>
   </div>
   <div class='ocr_carea' id='block_1_2' title="bbox 118 651 1297 2499">
    <p class='ocr_par' dir='ltr' id='par_1_2' title="bbox 118 651 1297 2499">
     <span class='ocr_line' id='line_1_2' title="bbox 128 651 1238 738; baseline 0.002 -20"><span class='ocrx_word' id='word_1_5' title='bbox 128 654 275 737; x_wconf 87' lang='lat' dir='ltr'><strong>denique</strong></span> <span class='ocrx_word' id='word_1_6' title='bbox 290 651 447 737; x_wconf 86' lang='lat' dir='ltr'><em>gentilia,</em></span> <span class='ocrx_word' id='word_1_7' title='bbox 462 657 501 716; x_wconf 91' lang='lat' dir='ltr'><strong>ut</strong></span> <span class='ocrx_word' id='word_1_8' title='bbox 515 652 616 738; x_wconf 85' lang='lat' dir='ltr'><em>Syra,</em></span> <span class='ocrx_word' id='word_1_9' title='bbox 639 653 672 714; x_wconf 91' lang='lat' dir='ltr'><strong>in</strong></span> <span class='ocrx_word' id='word_1_10' title='bbox 688 651 881 717; x_wconf 76' lang='lat' dir='ltr'>Mercatore</span> <span class='ocrx_word' id='word_1_11' title='bbox 897 653 1009 728; x_wconf 79' lang='lat' dir='ltr'><strong>1v,5,ss</strong></span> <span class='ocrx_word' id='word_1_12' title='bbox 1024 656 1155 719; x_wconf 77' lang='lat' dir='ltr'><em>Adsaire</em></span> <span class='ocrx_word' id='word_1_13' title='bbox 1170 669 1238 720; x_wconf 75' lang='lat' dir='ltr'><strong>niue</strong></span> 
     </span>
     <span class='ocr_line' id='line_1_3' title="bbox 125 749 1235 837; baseline 0.002 -21"><span class='ocrx_word' id='word_1_14' title='bbox 125 753 226 816; x_wconf 63' lang='lat' dir='ltr'><em>aeda.</em></span> <span class='ocrx_word' id='word_1_15' title='bbox 243 749 344 837; x_wconf 82' lang='lat' dir='ltr'><em>Syra.</em></span> <span class='ocrx_word' id='word_1_16' title='bbox 360 751 428 836; x_wconf 83' lang='lat' dir='ltr'><strong>quie</strong></span> <span class='ocrx_word' id='word_1_17' title='bbox 442 762 484 814; x_wconf 83' lang='lat' dir='ltr'><strong>est</strong></span> <span class='ocrx_word' id='word_1_18' title='bbox 497 752 612 835; x_wconf 64' lang='lat' dir='ltr'><em>quani</em></span> <span class='ocrx_word' id='word_1_19' title='bbox 624 750 737 814; x_wconf 78' lang='lat' dir='ltr'><em>aooal‘l</em></span> <span class='ocrx_word' id='word_1_20' title='bbox 752 759 786 814; x_wconf 89' lang='grc' dir='ltr'><strong>ει</strong></span> <span class='ocrx_word' id='word_1_21' title='bbox 800 751 940 835; x_wconf 88' lang='lat' dir='ltr'><strong>propria</strong></span> <span class='ocrx_word' id='word_1_22' title='bbox 956 753 1052 836; x_wconf 82' lang='lat' dir='ltr'><strong>quasi</strong></span> <span class='ocrx_word' id='word_1_23' title='bbox 1067 774 1108 818; x_wconf 85' lang='lat' dir='ltr'><strong>ex</strong></span> <span class='ocrx_word' id='word_1_24' title='bbox 1125 753 1235 818; x_wconf 85' lang='lat' dir='ltr'><em>adiee-</em></span> 
     </span>
     <span class='ocr_line' id='line_1_4' title="bbox 124 847 1234 936; baseline 0.005 -24"><span class='ocrx_word' id='word_1_25' title='bbox 124 849 203 914; x_wconf 92' lang='lat' dir='ltr'><em>tivis</em></span> <span class='ocrx_word' id='word_1_26' title='bbox 225 847 426 932; x_wconf 85' lang='lat' dir='ltr'><strong>gentilibus,</strong></span> <span class='ocrx_word' id='word_1_27' title='bbox 447 856 486 912; x_wconf 93' lang='lat' dir='ltr'><strong>ut</strong></span> <span class='ocrx_word' id='word_1_28' title='bbox 509 848 571 914; x_wconf 85' lang='lat' dir='ltr'><em>llio</em></span> <span class='ocrx_word' id='word_1_29' title='bbox 585 848 703 922; x_wconf 84' lang='lat' dir='ltr'><em>Ennii,</em></span> <span class='ocrx_word' id='word_1_30' title='bbox 727 849 837 936; x_wconf 76' lang='lat' dir='ltr'><em>Pythia</em></span> <span class='ocrx_word' id='word_1_31' title='bbox 852 850 1020 925; x_wconf 81' lang='lat' dir='ltr'><strong>Lucretii,</strong></span> <span class='ocrx_word' id='word_1_32' title='bbox 1043 851 1156 916; x_wconf 78' lang='lat' dir='ltr'><em>Laelio</em></span> <span class='ocrx_word' id='word_1_33' title='bbox 1173 851 1234 918; x_wconf 89' lang='lat' dir='ltr'><strong>Ca·</strong></span> 
     </span>
     <span class='ocr_line' id='line_1_5' title="bbox 123 944 1234 1030; baseline 0.005 -22"><span class='ocrx_word' id='word_1_34' title='bbox 123 944 214 1008; x_wconf 89' lang='lat' dir='ltr'><em>tulii.</em></span> <span class='ocrx_word' id='word_1_35' title='bbox 229 945 401 1030; x_wconf 84' lang='lat' dir='ltr'><strong>regionum</strong></span> <span class='ocrx_word' id='word_1_36' title='bbox 417 967 553 1030; x_wconf 90' lang='lat' dir='ltr'><strong>quoque</strong></span> <span class='ocrx_word' id='word_1_37' title='bbox 568 947 703 1010; x_wconf 88' lang='lat' dir='ltr'><em>nomina</em></span> <span class='ocrx_word' id='word_1_38' title='bbox 718 949 760 1012; x_wconf 89' lang='lat' dir='ltr'><strong>ab</strong></span> <span class='ocrx_word' id='word_1_39' title='bbox 776 967 838 1012; x_wconf 91' lang='lat' dir='ltr'><strong>usu</strong></span> <span class='ocrx_word' id='word_1_40' title='bbox 855 947 986 1014; x_wconf 83' lang='lat' dir='ltr'><strong>Graeco</strong></span> <span class='ocrx_word' id='word_1_41' title='bbox 1004 948 1234 1022; x_wconf 77' lang='lat' dir='ltr'><strong>desciverant,</strong></span> 
     </span>
     <span class='ocr_line' id='line_1_6' title="bbox 122 1041 1235 1128; baseline 0.004 -22"><span class='ocrx_word' id='word_1_42' title='bbox 122 1051 163 1106; x_wconf 92' lang='lat' dir='ltr'><strong>ut</strong></span> <span class='ocrx_word' id='word_1_43' title='bbox 177 1041 328 1128; x_wconf 74' lang='lat' dir='ltr'><strong>Bithynia</strong></span> <span class='ocrx_word' id='word_1_44' title='bbox 342 1043 486 1125; x_wconf 51' lang='lat' dir='ltr'><em>Aetam</em></span> <span class='ocrx_word' id='word_1_45' title='bbox 500 1044 579 1108; x_wconf 90' lang='lat' dir='ltr'><strong>item</strong></span> <span class='ocrx_word' id='word_1_46' title='bbox 594 1043 761 1116; x_wconf 85' lang='lat' dir='ltr'><em>adiectiva</em></span> <span class='ocrx_word' id='word_1_47' title='bbox 776 1045 903 1119; x_wconf 86' lang='lat' dir='ltr'><em>omnia,</em></span> <span class='ocrx_word' id='word_1_48' title='bbox 918 1055 956 1110; x_wconf 91' lang='lat' dir='ltr'><strong>ut</strong></span> <span class='ocrx_word' id='word_1_49' title='bbox 972 1047 1181 1125; x_wconf 71' lang='lat' dir='ltr'><em>Rhamnusia,</em></span> <span class='ocrx_word' id='word_1_50' title='bbox 1197 1057 1235 1114; x_wconf 91' lang='lat' dir='ltr'><strong>ut</strong></span> 
     </span>
     <span class='ocr_line' id='line_1_7' title="bbox 124 1141 1297 1229; baseline 0.005 -25"><span class='ocrx_word' id='word_1_51' title='bbox 124 1141 289 1220; x_wconf 71' lang='lat' dir='ltr'><em>Lernaea,</em></span> <span class='ocrx_word' id='word_1_52' title='bbox 311 1148 350 1206; x_wconf 89' lang='lat' dir='ltr'><strong>ut</strong></span> <span class='ocrx_word' id='word_1_53' title='bbox 362 1141 443 1229; x_wconf 77' lang='lat' dir='ltr'><strong>fides</strong></span> <span class='ocrx_word' id='word_1_54' title='bbox 462 1143 616 1228; x_wconf 82' lang='lat' dir='ltr'><em>Cyllenio.</em></span> <span class='ocrx_word' id='word_1_55' title='bbox 638 1149 811 1226; x_wconf 88' lang='lat' dir='ltr'><strong>postremo</strong></span> <span class='ocrx_word' id='word_1_56' title='bbox 830 1143 1016 1218; x_wconf 75' lang='lat' dir='ltr'><em>Philomela,</em></span> <span class='ocrx_word' id='word_1_57' title='bbox 1039 1145 1132 1228; x_wconf 92' lang='lat' dir='ltr'><strong>quod</strong></span> <span class='ocrx_word' id='word_1_58' title='bbox 1147 1145 1233 1210; x_wconf 89' lang='lat' dir='ltr'><strong>Ver·</strong></span> <span class='ocrx_word' id='word_1_59' title='bbox 1294 1163 1297 1170; x_wconf 89' lang='grc'><strong>’</strong></span> 
     </span>
     <span class='ocr_line' id='line_1_8' title="bbox 122 1234 1233 1325; baseline 0.008 -25"><span class='ocrx_word' id='word_1_60' title='bbox 122 1237 222 1322; x_wconf 81' lang='lat' dir='ltr'><em>gilius</em></span> <span class='ocrx_word' id='word_1_61' title='bbox 234 1245 267 1300; x_wconf 91' lang='lat' dir='ltr'><strong>et</strong></span> <span class='ocrx_word' id='word_1_62' title='bbox 278 1234 422 1302; x_wconf 91' lang='lat' dir='ltr'><em>Ovidius</em></span> <span class='ocrx_word' id='word_1_63' title='bbox 433 1239 636 1324; x_wconf 86' lang='lat' dir='ltr'><strong>corripiunt,</strong></span> <span class='ocrx_word' id='word_1_64' title='bbox 650 1241 849 1325; x_wconf 84' lang='lat' dir='ltr'><strong>antiquioris</strong></span> <span class='ocrx_word' id='word_1_65' title='bbox 862 1246 1000 1324; x_wconf 81' lang='lat' dir='ltr'><em>poiitae,</em></span> <span class='ocrx_word' id='word_1_66' title='bbox 1013 1241 1160 1308; x_wconf 84' lang='lat' dir='ltr'><strong>fortasse</strong></span> <span class='ocrx_word' id='word_1_67' title='bbox 1169 1245 1233 1309; x_wconf 85' lang='lat' dir='ltr'><strong>Aa·</strong></span> 
     </span>
     <span class='ocr_line' id='line_1_9' title="bbox 123 1337 1232 1426; baseline 0.004 -26"><span class='ocrx_word' id='word_1_68' title='bbox 123 1337 186 1411; x_wconf 91' lang='lat' dir='ltr'><em>oii,</em></span> <span class='ocrx_word' id='word_1_69' title='bbox 201 1357 318 1402; x_wconf 87' lang='lat' dir='ltr'><strong>errore</strong></span> <span class='ocrx_word' id='word_1_70' title='bbox 331 1337 500 1402; x_wconf 80' lang='lat' dir='ltr'><strong>inventum</strong></span> <span class='ocrx_word' id='word_1_71' title='bbox 514 1340 688 1426; x_wconf 82' lang='lat' dir='ltr'><strong>suspicor.</strong></span> <span class='ocrx_word' id='word_1_72' title='bbox 711 1340 846 1406; x_wconf 89' lang='lat' dir='ltr'><em>Ionieae</em></span> <span class='ocrx_word' id='word_1_73' title='bbox 862 1351 975 1405; x_wconf 90' lang='lat' dir='ltr'><strong>autem</strong></span> <span class='ocrx_word' id='word_1_74' title='bbox 991 1340 1117 1414; x_wconf 82' lang='lat' dir='ltr'><em>vocali,</em></span> <span class='ocrx_word' id='word_1_75' title='bbox 1133 1361 1232 1424; x_wconf 83' lang='lat' dir='ltr'><strong>quarn</strong></span> 
     </span>
     <span class='ocr_line' id='line_1_10' title="bbox 123 1433 1232 1522; baseline 0.002 -24"><span class='ocrx_word' id='word_1_76' title='bbox 123 1433 366 1520; x_wconf 84' lang='lat' dir='ltr'><strong>Hert&#39;zbergius</strong></span> <span class='ocrx_word' id='word_1_77' title='bbox 382 1435 426 1502; x_wconf 89' lang='lat' dir='ltr'><strong>ad</strong></span> <span class='ocrx_word' id='word_1_78' title='bbox 442 1436 655 1522; x_wconf 83' lang='lat' dir='ltr'><strong>Propertium</strong></span> <span class='ocrx_word' id='word_1_79' title='bbox 671 1439 793 1518; x_wconf 81' lang='lat'><strong>11,14‚5</strong></span> <span class='ocrx_word' id='word_1_80' title='bbox 811 1461 859 1512; x_wconf 86' lang='grc' dir='ltr'>ιιι,</span> <span class='ocrx_word' id='word_1_81' title='bbox 871 1439 917 1511; x_wconf 87' lang='grc'><strong>19,</strong></span> <span class='ocrx_word' id='word_1_82' title='bbox 932 1437 968 1501; x_wconf 82' lang='grc'><strong>19</strong></span> <span class='ocrx_word' id='word_1_83' title='bbox 982 1438 1093 1521; x_wconf 72' lang='lat' dir='ltr'><em>politis</em></span> <span class='ocrx_word' id='word_1_84' title='bbox 1104 1438 1232 1502; x_wconf 84' lang='lat' dir='ltr'><em>Latinis</em></span> 
     </span>
     <span class='ocr_line' id='line_1_11' title="bbox 120 1533 1231 1618; baseline 0.004 -23"><span class='ocrx_word' id='word_1_85' title='bbox 120 1533 157 1595; x_wconf 89' lang='lat' dir='ltr'><strong>in</strong></span> <span class='ocrx_word' id='word_1_86' title='bbox 172 1553 253 1598; x_wconf 84' lang='lat' dir='ltr'><strong>casu</strong></span> <span class='ocrx_word' id='word_1_87' title='bbox 267 1541 362 1598; x_wconf 84' lang='lat' dir='ltr'><strong>reato</strong></span> <span class='ocrx_word' id='word_1_88' title='bbox 377 1533 598 1618; x_wconf 82' lang='lat' dir='ltr'><strong>producendo</strong></span> <span class='ocrx_word' id='word_1_89' title='bbox 614 1535 720 1600; x_wconf 86' lang='lat' dir='ltr'><em>solam</em></span> <span class='ocrx_word' id='word_1_90' title='bbox 736 1536 912 1609; x_wconf 79' lang='lat' dir='ltr'><strong>coneedit,</strong></span> <span class='ocrx_word' id='word_1_91' title='bbox 932 1536 968 1598; x_wconf 90' lang='lat' dir='ltr'><strong>iu</strong></span> <span class='ocrx_word' id='word_1_92' title='bbox 987 1534 1099 1600; x_wconf 90' lang='lat' dir='ltr'><strong>multis</strong></span> <span class='ocrx_word' id='word_1_93' title='bbox 1121 1556 1163 1600; x_wconf 90' lang='lat' dir='ltr'><strong>ue</strong></span> <span class='ocrx_word' id='word_1_94' title='bbox 1184 1535 1231 1599; x_wconf 93' lang='lat' dir='ltr'><strong>lo·</strong></span> 
     </span>
     <span class='ocr_line' id='line_1_12' title="bbox 121 1631 1231 1718; baseline 0.004 -24"><span class='ocrx_word' id='word_1_95' title='bbox 121 1651 183 1694; x_wconf 90' lang='lat' dir='ltr'><strong>ous</strong></span> <span class='ocrx_word' id='word_1_96' title='bbox 199 1631 334 1715; x_wconf 88' lang='lat' dir='ltr'><strong>quidem</strong></span> <span class='ocrx_word' id='word_1_97' title='bbox 349 1641 420 1707; x_wconf 90' lang='grc' dir='ltr'>εει,</span> <span class='ocrx_word' id='word_1_98' title='bbox 439 1653 548 1717; x_wconf 87' lang='lat' dir='ltr'><strong>neque</strong></span> <span class='ocrx_word' id='word_1_99' title='bbox 564 1634 724 1700; x_wconf 83' lang='lat' dir='ltr'><strong>credibile</strong></span> <span class='ocrx_word' id='word_1_100' title='bbox 741 1643 793 1700; x_wconf 89' lang='lat' dir='ltr'><strong>est</strong></span> <span class='ocrx_word' id='word_1_101' title='bbox 808 1657 848 1698; x_wconf 92' lang='lat' dir='ltr'><em>ea</em></span> <span class='ocrx_word' id='word_1_102' title='bbox 863 1635 960 1698; x_wconf 88' lang='lat' dir='ltr'><strong>unioe</strong></span> <span class='ocrx_word' id='word_1_103' title='bbox 974 1655 1054 1698; x_wconf 91' lang='lat' dir='ltr'><strong>usos</strong></span> <span class='ocrx_word' id='word_1_104' title='bbox 1070 1655 1145 1698; x_wconf 87' lang='lat' dir='ltr'><strong>esse</strong></span> <span class='ocrx_word' id='word_1_105' title='bbox 1160 1635 1231 1718; x_wconf 92' lang='lat' dir='ltr'><strong>qui-</strong></span> 
     </span>
     <span class='ocr_line' id='line_1_13' title="bbox 121 1730 1232 1819; baseline 0.002 -27"><span class='ocrx_word' id='word_1_106' title='bbox 121 1730 186 1792; x_wconf 88' lang='lat' dir='ltr'><strong>bus</strong></span> <span class='ocrx_word' id='word_1_107' title='bbox 198 1730 415 1792; x_wconf 79' lang='lat' dir='ltr'><strong>Andromedan</strong></span> <span class='ocrx_word' id='word_1_108' title='bbox 432 1730 586 1818; x_wconf 74' lang='lat' dir='ltr'><strong>Glyceran</strong></span> <span class='ocrx_word' id='word_1_109' title='bbox 602 1731 732 1796; x_wconf 75' lang='lat' dir='ltr'><em>Plttltian</em></span> <span class='ocrx_word' id='word_1_110' title='bbox 750 1733 934 1819; x_wconf 72' lang='lat' dir='ltr'><em>Glaphyran</em></span> <span class='ocrx_word' id='word_1_111' title='bbox 948 1733 1075 1796; x_wconf 82' lang='lat' dir='ltr'><em>Malean</em></span> <span class='ocrx_word' id='word_1_112' title='bbox 1088 1732 1232 1798; x_wconf 78' lang='lat' dir='ltr'><em>Electran</em></span> 
     </span>
     <span class='ocr_line' id='line_1_14' title="bbox 122 1826 1232 1913; baseline 0.003 -22"><span class='ocrx_word' id='word_1_113' title='bbox 122 1826 235 1892; x_wconf 82' lang='lat' dir='ltr'><strong>dicere</strong></span> <span class='ocrx_word' id='word_1_114' title='bbox 250 1827 395 1910; x_wconf 76' lang='lat' dir='ltr'><em>placuit3</em></span> <span class='ocrx_word' id='word_1_115' title='bbox 417 1829 616 1910; x_wconf 84' lang='lat' dir='ltr'><strong>praesertim</strong></span> <span class='ocrx_word' id='word_1_116' title='bbox 637 1849 711 1894; x_wconf 85' lang='lat' dir='ltr'><strong>eum</strong></span> <span class='ocrx_word' id='word_1_117' title='bbox 727 1850 767 1892; x_wconf 90' lang='lat' dir='ltr'><em>ea</em></span> <span class='ocrx_word' id='word_1_118' title='bbox 782 1850 869 1913; x_wconf 87' lang='lat' dir='ltr'><strong>quae</strong></span> <span class='ocrx_word' id='word_1_119' title='bbox 883 1829 1003 1894; x_wconf 86' lang='lat' dir='ltr'><em>Latino</em></span> <span class='ocrx_word' id='word_1_120' title='bbox 1018 1829 1232 1913; x_wconf 78' lang='lat' dir='ltr'><strong>corripienda</strong></span> 
     </span>
     <span class='ocr_line' id='line_1_15' title="bbox 122 1925 1231 2012; baseline 0.002 -24"><span class='ocrx_word' id='word_1_121' title='bbox 122 1925 400 1988; x_wconf 88' lang='lat' dir='ltr'><strong>erantrarissime</strong></span> <span class='ocrx_word' id='word_1_122' title='bbox 410 1925 455 1988; x_wconf 85' lang='lat' dir='ltr'><strong>sd</strong></span> <span class='ocrx_word' id='word_1_123' title='bbox 467 1925 584 1990; x_wconf 90' lang='lat' dir='ltr'><strong>ionum</strong></span> <span class='ocrx_word' id='word_1_124' title='bbox 592 1947 719 1990; x_wconf 87' lang='lat' dir='ltr'><strong>rnorem</strong></span> <span class='ocrx_word' id='word_1_125' title='bbox 734 1927 856 1992; x_wconf 86' lang='lat' dir='ltr'><em>inflexa</em></span> <span class='ocrx_word' id='word_1_126' title='bbox 866 1927 1106 2012; x_wconf 87' lang='lat' dir='ltr'><strong>produxerint,</strong></span> <span class='ocrx_word' id='word_1_127' title='bbox 1122 1934 1161 1990; x_wconf 92' lang='lat' dir='ltr'><strong>ut</strong></span> <span class='ocrx_word' id='word_1_128' title='bbox 1172 1927 1231 1990; x_wconf 86' lang='lat' dir='ltr'><strong>ad·</strong></span> 
     </span>
     <span class='ocr_line' id='line_1_16' title="bbox 119 2022 1231 2112; baseline 0.003 -27"><span class='ocrx_word' id='word_1_129' title='bbox 119 2023 245 2086; x_wconf 88' lang='lat' dir='ltr'><em>ieutiva</em></span> <span class='ocrx_word' id='word_1_130' title='bbox 265 2023 420 2112; x_wconf 83' lang='lat' dir='ltr'><em>gentilia,</em></span> <span class='ocrx_word' id='word_1_131' title='bbox 437 2022 605 2107; x_wconf 80' lang='lat' dir='ltr'><strong>Vergilius</strong></span> <span class='ocrx_word' id='word_1_132' title='bbox 629 2027 725 2090; x_wconf 75' lang='lat' dir='ltr'><em>Aoniie</em></span> <span class='ocrx_word' id='word_1_133' title='bbox 739 2027 919 2110; x_wconf 82' lang='lat' dir='ltr'><em>Ayonippe,</em></span> <span class='ocrx_word' id='word_1_134' title='bbox 943 2024 1073 2088; x_wconf 81' lang='lat' dir='ltr'><em>Statius</em></span> <span class='ocrx_word' id='word_1_135' title='bbox 1097 2024 1231 2108; x_wconf 74' lang='lat' dir='ltr'><em>Paphie,</em></span> 
     </span>
     <span class='ocr_line' id='line_1_17' title="bbox 125 2119 1230 2216; baseline 0.002 -34"><span class='ocrx_word' id='word_1_136' title='bbox 125 2121 259 2204; x_wconf 72' lang='lat' dir='ltr'><em>Papirion</em></span> <span class='ocrx_word' id='word_1_137' title='bbox 272 2119 454 2186; x_wconf 81' lang='lat' dir='ltr'>Columella</span> <span class='ocrx_word' id='word_1_138' title='bbox 466 2130 500 2184; x_wconf 90' lang='lat' dir='ltr'><strong>et</strong></span> <span class='ocrx_word' id='word_1_139' title='bbox 508 2121 689 2196; x_wconf 82' lang='lat' dir='ltr'><strong>Martialis,</strong></span> <span class='ocrx_word' id='word_1_140' title='bbox 702 2122 803 2185; x_wconf 85' lang='lat' dir='ltr'><strong>Silius</strong></span> <span class='ocrx_word' id='word_1_141' title='bbox 811 2123 941 2216; x_wconf 45' lang='lat' dir='ltr'><em>&#39;Ortyyie</em></span> <span class='ocrx_word' id='word_1_142' title='bbox 949 2122 1116 2198; x_wconf 59' lang='lat' dir='ltr'><em>Aretissa,</em></span> <span class='ocrx_word' id='word_1_143' title='bbox 1127 2121 1230 2184; x_wconf 89' lang='lat' dir='ltr'><em>idom·</em></span> 
     </span>
     <span class='ocr_line' id='line_1_18' title="bbox 121 2217 1229 2306; baseline 0 -26"><span class='ocrx_word' id='word_1_144' title='bbox 121 2239 203 2302; x_wconf 90' lang='lat' dir='ltr'><strong>que,</strong></span> <span class='ocrx_word' id='word_1_145' title='bbox 219 2227 258 2280; x_wconf 90' lang='lat' dir='ltr'><strong>ut</strong></span> <span class='ocrx_word' id='word_1_146' title='bbox 271 2226 373 2302; x_wconf 90' lang='lat' dir='ltr'><strong>puto,</strong></span> <span class='ocrx_word' id='word_1_147' title='bbox 387 2219 459 2282; x_wconf 81' lang='lat' dir='ltr'><strong>urbs</strong></span> <span class='ocrx_word' id='word_1_148' title='bbox 476 2220 635 2306; x_wconf 80' lang='lat' dir='ltr'><em>Syracosia</em></span> <span class='ocrx_word' id='word_1_149' title='bbox 651 2219 805 2292; x_wconf 71' lang='lat' dir='ltr'><em>mulli,</em></span> <span class='ocrx_word' id='word_1_150' title='bbox 821 2220 878 2283; x_wconf 93' lang='lat' dir='ltr'><strong>ubi</strong></span> <span class='ocrx_word' id='word_1_151' title='bbox 893 2220 1086 2284; x_wconf 87' lang='lat' dir='ltr'><em>membrana</em></span> <span class='ocrx_word' id='word_1_152' title='bbox 1100 2218 1152 2283; x_wconf 87' lang='lat' dir='ltr'><strong>aui</strong></span> <span class='ocrx_word' id='word_1_153' title='bbox 1168 2217 1229 2282; x_wconf 90' lang='lat' dir='ltr'><em>soli</em></span> 
     </span>
     <span class='ocr_line' id='line_1_19' title="bbox 118 2313 1294 2402; baseline -0.001 -23"><span class='ocrx_word' id='word_1_154' title='bbox 118 2313 203 2380; x_wconf 85' lang='lat' dir='ltr'><strong>tides</strong></span> <span class='ocrx_word' id='word_1_155' title='bbox 219 2315 406 2402; x_wconf 71' lang='lat' dir='ltr'><em>Syracusae.</em></span> <span class='ocrx_word' id='word_1_156' title='bbox 422 2317 516 2380; x_wconf 90' lang='lat' dir='ltr'><strong>ouius</strong></span> <span class='ocrx_word' id='word_1_157' title='bbox 530 2318 663 2402; x_wconf 80' lang='lat' dir='ltr'><strong>generis</strong></span> <span class='ocrx_word' id='word_1_158' title='bbox 678 2337 746 2380; x_wconf 91' lang='lat' dir='ltr'><strong>non</strong></span> <span class='ocrx_word' id='word_1_159' title='bbox 761 2316 866 2380; x_wconf 87' lang='lat' dir='ltr'><em>muita</em></span> <span class='ocrx_word' id='word_1_160' title='bbox 881 2316 979 2400; x_wconf 89' lang='lat' dir='ltr'><strong>plura</strong></span> <span class='ocrx_word' id='word_1_161' title='bbox 991 2315 1045 2380; x_wconf 92' lang='lat' dir='ltr'><strong>his</strong></span> <span class='ocrx_word' id='word_1_162' title='bbox 1059 2316 1229 2380; x_wconf 81' lang='lat' dir='ltr'><em>inveniar·</em></span> <span class='ocrx_word' id='word_1_163' title='bbox 1292 2319 1294 2326; x_wconf 83' lang='lat'>&#39;</span> 
     </span>
     <span class='ocr_line' id='line_1_20' title="bbox 119 2413 1228 2499; baseline 0 -23"><span class='ocrx_word' id='word_1_164' title='bbox 119 2425 191 2488; x_wconf 82' lang='lat' dir='ltr'><strong>tur3</strong></span> <span class='ocrx_word' id='word_1_165' title='bbox 212 2413 278 2478; x_wconf 92' lang='lat' dir='ltr'><em>nisi</em></span> <span class='ocrx_word' id='word_1_166' title='bbox 292 2414 386 2499; x_wconf 92' lang='lat' dir='ltr'><strong>quod</strong></span> <span class='ocrx_word' id='word_1_167' title='bbox 401 2415 548 2488; x_wconf 86' lang='lat' dir='ltr'><em>Statius,</em></span> <span class='ocrx_word' id='word_1_168' title='bbox 564 2416 621 2498; x_wconf 92' lang='lat' dir='ltr'><strong>qui</strong></span> <span class='ocrx_word' id='word_1_169' title='bbox 637 2437 711 2480; x_wconf 87' lang='lat' dir='ltr'><strong>uum</strong></span> <span class='ocrx_word' id='word_1_170' title='bbox 727 2414 971 2498; x_wconf 82' lang='lat' dir='ltr'><strong>antiquioribus</strong></span> <span class='ocrx_word' id='word_1_171' title='bbox 988 2413 1148 2498; x_wconf 82' lang='lat' dir='ltr'><strong>produxit</strong></span> <span class='ocrx_word' id='word_1_172' title='bbox 1164 2414 1228 2477; x_wconf 82' lang='lat' dir='ltr'><strong>Ne·</strong></span> 
     </span>
    </p>
   </div>
   <div class='ocr_carea' id='block_1_3' title="bbox 117 2511 1329 2598">
    <p class='ocr_par' dir='ltr' id='par_1_3' title="bbox 117 2511 1329 2598">
     <span class='ocr_line' id='line_1_21' title="bbox 117 2511 1329 2598; baseline -0.001 -25"><span class='ocrx_word' id='word_1_173' title='bbox 117 2535 188 2576; x_wconf 75' lang='lat' dir='ltr'><strong>ineu</strong></span> <span class='ocrx_word' id='word_1_174' title='bbox 202 2511 346 2576; x_wconf 76' lang='lat' dir='ltr'><strong>Purillteo</strong></span> <span class='ocrx_word' id='word_1_175' title='bbox 366 2514 463 2598; x_wconf 81' lang='lat' dir='ltr'><em>Teyea</em></span> <span class='ocrx_word' id='word_1_176' title='bbox 479 2513 586 2576; x_wconf 82' lang='lat' dir='ltr'><em>Malea</em></span> <span class='ocrx_word' id='word_1_177' title='bbox 600 2513 726 2589; x_wconf 84' lang='lat' dir='ltr'><em>Midea,</em></span> <span class='ocrx_word' id='word_1_178' title='bbox 750 2533 822 2576; x_wconf 85' lang='lat' dir='ltr'><strong>curn</strong></span> <span class='ocrx_word' id='word_1_179' title='bbox 839 2511 1009 2598; x_wconf 83' lang='lat' dir='ltr'><em>Polynicis</em></span> <span class='ocrx_word' id='word_1_180' title='bbox 1028 2532 1114 2576; x_wconf 86' lang='lat' dir='ltr'><strong>uxor</strong></span> <span class='ocrx_word' id='word_1_181' title='bbox 1129 2513 1228 2596; x_wconf 84' lang='lat' dir='ltr'><em>Aryio</em></span> <span class='ocrx_word' id='word_1_182' title='bbox 1326 2561 1329 2572; x_wconf 91' lang='lat'><em>.</em></span> 
     </span>
    </p>
   </div>
   <div class='ocr_carea' id='block_1_4' title="bbox 108 2601 1247 4560">
    <p class='ocr_par' dir='ltr' id='par_1_4' title="bbox 108 2601 1247 4560">
     <span class='ocr_line' id='line_1_22' title="bbox 118 2601 1227 2694; baseline -0.004 -20"><span class='ocrx_word' id='word_1_183' title='bbox 118 2601 214 2675; x_wconf 84' lang='lat' dir='ltr'><strong>reato</strong></span> <span class='ocrx_word' id='word_1_184' title='bbox 229 2631 311 2674; x_wconf 83' lang='lat' dir='ltr'><strong>casu</strong></span> <span class='ocrx_word' id='word_1_185' title='bbox 327 2607 471 2675; x_wconf 79' lang='lat' dir='ltr'><em>dicenda</em></span> <span class='ocrx_word' id='word_1_186' title='bbox 486 2619 593 2684; x_wconf 88' lang='lat' dir='ltr'><strong>esset,</strong></span> <span class='ocrx_word' id='word_1_187' title='bbox 609 2635 628 2674; x_wconf 89' lang='lat' dir='ltr'><strong>a</strong></span> <span class='ocrx_word' id='word_1_188' title='bbox 644 2611 845 2694; x_wconf 82' lang='lat' dir='ltr'><strong>quinquiens</strong></span> <span class='ocrx_word' id='word_1_189' title='bbox 856 2611 1018 2694; x_wconf 88' lang='lat' dir='ltr'><strong>produxit</strong></span> <span class='ocrx_word' id='word_1_190' title='bbox 1032 2611 1066 2672; x_wconf 90' lang='lat' dir='ltr'><strong>iu</strong></span> <span class='ocrx_word' id='word_1_191' title='bbox 1081 2609 1167 2674; x_wconf 89' lang='lat' dir='ltr'><strong>libro</strong></span> <span class='ocrx_word' id='word_1_192' title='bbox 1180 2631 1227 2671; x_wconf 89' lang='lat' dir='ltr'><strong>xn</strong></span> 
     </span>
     <span class='ocr_line' id='line_1_23' title="bbox 117 2706 1228 2793; baseline -0.005 -19"><span class='ocrx_word' id='word_1_193' title='bbox 117 2708 335 2782; x_wconf 80' lang='lat' dir='ltr'><em>Thebaidos,</em></span> <span class='ocrx_word' id='word_1_194' title='bbox 349 2709 429 2774; x_wconf 84' lang='lat' dir='ltr'><strong>item</strong></span> <span class='ocrx_word' id='word_1_195' title='bbox 440 2710 561 2793; x_wconf 84' lang='lat' dir='ltr'><em>Aryian</em></span> <span class='ocrx_word' id='word_1_196' title='bbox 571 2709 605 2772; x_wconf 88' lang='lat' dir='ltr'><strong>in</strong></span> <span class='ocrx_word' id='word_1_197' title='bbox 617 2731 661 2782; x_wconf 80' lang='grc' dir='ltr'>ιν,</span> <span class='ocrx_word' id='word_1_198' title='bbox 670 2708 725 2783; x_wconf 85' lang='grc'><strong>91,</strong></span> <span class='ocrx_word' id='word_1_199' title='bbox 740 2709 837 2772; x_wconf 89' lang='lat' dir='ltr'><em>nimis</em></span> <span class='ocrx_word' id='word_1_200' title='bbox 849 2707 1071 2782; x_wconf 83' lang='lat' dir='ltr'><em>Graecanica,</em></span> <span class='ocrx_word' id='word_1_201' title='bbox 1083 2706 1145 2772; x_wconf 91' lang='lat' dir='ltr'><strong>sed</strong></span> <span class='ocrx_word' id='word_1_202' title='bbox 1158 2706 1228 2772; x_wconf 87' lang='lat' dir='ltr'><strong>siue</strong></span> 
     </span>
     <span class='ocr_line' id='line_1_24' title="bbox 119 2805 1228 2891; baseline -0.005 -21"><span class='ocrx_word' id='word_1_203' title='bbox 119 2807 377 2880; x_wconf 89' lang='lat' dir='ltr'><em>litteralonica,</em></span> <span class='ocrx_word' id='word_1_204' title='bbox 392 2805 548 2890; x_wconf 80' lang='lat' dir='ltr'><strong>idemque</strong></span> <span class='ocrx_word' id='word_1_205' title='bbox 560 2829 580 2870; x_wconf 89' lang='lat' dir='ltr'><strong>a</strong></span> <span class='ocrx_word' id='word_1_206' title='bbox 591 2807 684 2871; x_wconf 90' lang='lat' dir='ltr'><strong>brevi</strong></span> <span class='ocrx_word' id='word_1_207' title='bbox 698 2806 847 2889; x_wconf 85' lang='lat' dir='ltr'><strong>septiens</strong></span> <span class='ocrx_word' id='word_1_208' title='bbox 859 2807 959 2891; x_wconf 78' lang='lat' dir='ltr'><em>Aryia</em></span> <span class='ocrx_word' id='word_1_209' title='bbox 970 2807 1002 2868; x_wconf 90' lang='lat' dir='ltr'><strong>iu</strong></span> <span class='ocrx_word' id='word_1_210' title='bbox 1018 2827 1042 2868; x_wconf 89' lang='lat'><strong>11</strong></span> <span class='ocrx_word' id='word_1_211' title='bbox 1059 2827 1096 2868; x_wconf 89' lang='lat'><strong>111</strong></span> <span class='ocrx_word' id='word_1_212' title='bbox 1113 2827 1148 2867; x_wconf 83' lang='grc' dir='ltr'><strong>ιιι</strong></span> <span class='ocrx_word' id='word_1_213' title='bbox 1165 2827 1228 2866; x_wconf 85' lang='lat' dir='ltr'><strong>xn.</strong></span> 
     </span>
     <span class='ocr_line' id='line_1_25' title="bbox 117 2901 1228 2989; baseline -0.005 -19"><span class='ocrx_word' id='word_1_214' title='bbox 117 2905 206 2970; x_wconf 85' lang='lat' dir='ltr'><strong>haee</strong></span> <span class='ocrx_word' id='word_1_215' title='bbox 227 2905 327 2989; x_wconf 90' lang='lat' dir='ltr'><strong>paulo</strong></span> <span class='ocrx_word' id='word_1_216' title='bbox 350 2904 515 2970; x_wconf 84' lang='lat' dir='ltr'><strong>curiosius</strong></span> <span class='ocrx_word' id='word_1_217' title='bbox 538 2903 716 2970; x_wconf 80' lang='lat' dir='ltr'><em>tractanda</em></span> <span class='ocrx_word' id='word_1_218' title='bbox 738 2904 871 2987; x_wconf 90' lang='lat' dir='ltr'><em>putavi,</em></span> <span class='ocrx_word' id='word_1_219' title='bbox 893 2911 932 2966; x_wconf 93' lang='lat' dir='ltr'><strong>ut</strong></span> <span class='ocrx_word' id='word_1_220' title='bbox 947 2911 981 2967; x_wconf 94' lang='lat' dir='ltr'><strong>et</strong></span> <span class='ocrx_word' id='word_1_221' title='bbox 994 2901 1228 2989; x_wconf 82' lang='lat' dir='ltr'><em>grammatico·</em></span> 
     </span>
     <span class='ocr_line' id='line_1_26' title="bbox 118 3000 1228 3070; baseline -0.005 -4"><span class='ocrx_word' id='word_1_222' title='bbox 118 3025 195 3066; x_wconf 89' lang='lat' dir='ltr'><strong>rum</strong></span> <span class='ocrx_word' id='word_1_223' title='bbox 216 3003 384 3070; x_wconf 87' lang='lat' dir='ltr'><em>levitatem</em></span> <span class='ocrx_word' id='word_1_224' title='bbox 406 3011 556 3066; x_wconf 89' lang='lat' dir='ltr'><strong>notarem</strong></span> <span class='ocrx_word' id='word_1_225' title='bbox 579 3010 614 3068; x_wconf 91' lang='lat' dir='ltr'><strong>et</strong></span> <span class='ocrx_word' id='word_1_226' title='bbox 635 3003 667 3066; x_wconf 90' lang='lat' dir='ltr'><strong>iu</strong></span> <span class='ocrx_word' id='word_1_227' title='bbox 686 3001 835 3065; x_wconf 83' lang='lat' dir='ltr'><strong>Lucretii</strong></span> <span class='ocrx_word' id='word_1_228' title='bbox 857 3021 957 3064; x_wconf 81' lang='lat' dir='ltr'><strong>versu</strong></span> <span class='ocrx_word' id='word_1_229' title='bbox 979 3001 1058 3064; x_wconf 86' lang='lat' dir='ltr'><em>huia</em></span> <span class='ocrx_word' id='word_1_230' title='bbox 1078 3000 1228 3062; x_wconf 90' lang='lat' dir='ltr'><em>nomina·</em></span> 
     </span>
     <span class='ocr_line' id='line_1_27' title="bbox 120 3098 1247 3184; baseline -0.004 -22"><span class='ocrx_word' id='word_1_231' title='bbox 120 3101 214 3174; x_wconf 87' lang='lat' dir='ltr'><em>tivo,</em></span> <span class='ocrx_word' id='word_1_232' title='bbox 237 3100 293 3184; x_wconf 93' lang='lat' dir='ltr'><strong>qui</strong></span> <span class='ocrx_word' id='word_1_233' title='bbox 314 3109 363 3166; x_wconf 88' lang='lat' dir='ltr'><strong>est</strong></span> <span class='ocrx_word' id='word_1_234' title='bbox 384 3102 556 3179; x_wconf 77' lang='lat' dir='ltr'><em>ambrosia,</em></span> <span class='ocrx_word' id='word_1_235' title='bbox 579 3100 677 3166; x_wconf 86' lang='lat' dir='ltr'><em>iidem</em></span> <span class='ocrx_word' id='word_1_236' title='bbox 697 3099 862 3164; x_wconf 85' lang='lat' dir='ltr'><strong>facerem.</strong></span> <span class='ocrx_word' id='word_1_237' title='bbox 886 3119 960 3162; x_wconf 88' lang='lat' dir='ltr'><em>uam</em></span> <span class='ocrx_word' id='word_1_238' title='bbox 983 3098 1139 3183; x_wconf 85' lang='lat' dir='ltr'><strong>genetivo</strong></span> <span class='ocrx_word' id='word_1_239' title='bbox 1161 3121 1247 3174; x_wconf 77' lang='grc' dir='ltr'><strong>ιιιιι-Ι</strong></span> 
     </span>
     <span class='ocr_line' id='line_1_28' title="bbox 121 3194 1226 3283; baseline -0.005 -21"><span class='ocrx_word' id='word_1_240' title='bbox 121 3199 237 3262; x_wconf 68' lang='lat' dir='ltr'><em>bradua</em></span> <span class='ocrx_word' id='word_1_241' title='bbox 249 3197 356 3262; x_wconf 82' lang='lat' dir='ltr'><strong>forms</strong></span> <span class='ocrx_word' id='word_1_242' title='bbox 366 3199 498 3264; x_wconf 87' lang='lat' dir='ltr'><em>Graeca</em></span> <span class='ocrx_word' id='word_1_243' title='bbox 512 3197 602 3262; x_wconf 87' lang='lat' dir='ltr'><strong>huno</strong></span> <span class='ocrx_word' id='word_1_244' title='bbox 615 3203 746 3283; x_wconf 79' lang='lat' dir='ltr'><em>politam</em></span> <span class='ocrx_word' id='word_1_245' title='bbox 760 3196 885 3262; x_wconf 84' lang='lat' dir='ltr'><strong>dixisse</strong></span> <span class='ocrx_word' id='word_1_246' title='bbox 900 3217 968 3261; x_wconf 91' lang='lat' dir='ltr'><strong>non</strong></span> <span class='ocrx_word' id='word_1_247' title='bbox 985 3194 1104 3268; x_wconf 88' lang='lat' dir='ltr'><strong>oredo,</strong></span> <span class='ocrx_word' id='word_1_248' title='bbox 1121 3195 1176 3278; x_wconf 94' lang='lat' dir='ltr'><strong>qui</strong></span> <span class='ocrx_word' id='word_1_249' title='bbox 1192 3195 1226 3257; x_wconf 93' lang='lat' dir='ltr'><strong>in</strong></span> 
     </span>
     <span class='ocr_line' id='line_1_29' title="bbox 120 3291 1226 3380; baseline -0.005 -20"><span class='ocrx_word' id='word_1_250' title='bbox 120 3295 212 3380; x_wconf 87' lang='lat' dir='ltr'><em>paris</em></span> <span class='ocrx_word' id='word_1_251' title='bbox 231 3294 439 3363; x_wconf 82' lang='lat' dir='ltr'><em>condicionis</em></span> <span class='ocrx_word' id='word_1_252' title='bbox 458 3295 626 3360; x_wconf 86' lang='lat' dir='ltr'><em>voeabula</em></span> <span class='ocrx_word' id='word_1_253' title='bbox 641 3296 834 3360; x_wconf 68' lang='lat' dir='ltr'><em>damamiani</em></span> <span class='ocrx_word' id='word_1_254' title='bbox 849 3303 883 3358; x_wconf 88' lang='lat' dir='ltr'><strong>et</strong></span> <span class='ocrx_word' id='word_1_255' title='bbox 897 3295 1072 3358; x_wconf 76' lang='lat' dir='ltr'><em>lorinonioi</em></span> <span class='ocrx_word' id='word_1_256' title='bbox 1087 3291 1226 3358; x_wconf 84' lang='lat' dir='ltr'><strong>dixerit.</strong></span> 
     </span>
     <span class='ocr_line' id='line_1_30' title="bbox 117 3391 1227 3480; baseline -0.002 -22"><span class='ocrx_word' id='word_1_257' title='bbox 117 3401 267 3458; x_wconf 86' lang='lat' dir='ltr'><strong>ceterum</strong></span> <span class='ocrx_word' id='word_1_258' title='bbox 290 3397 477 3460; x_wconf 84' lang='lat' dir='ltr'><strong>sententiae</strong></span> <span class='ocrx_word' id='word_1_259' title='bbox 499 3403 641 3480; x_wconf 86' lang='lat' dir='ltr'><strong>uterque</strong></span> <span class='ocrx_word' id='word_1_260' title='bbox 662 3415 760 3460; x_wconf 85' lang='lat' dir='ltr'><strong>ussus</strong></span> <span class='ocrx_word' id='word_1_261' title='bbox 781 3415 888 3479; x_wconf 89' lang='lat' dir='ltr'><strong>aeque</strong></span> <span class='ocrx_word' id='word_1_262' title='bbox 910 3393 1086 3467; x_wconf 86' lang='lat' dir='ltr'><em>convenit,</em></span> <span class='ocrx_word' id='word_1_263' title='bbox 1108 3391 1227 3456; x_wconf 86' lang='lat' dir='ltr'><em>ablati·</em></span> 
     </span>
     <span class='ocr_line' id='line_1_31' title="bbox 117 3492 1228 3576; baseline -0.003 -21"><span class='ocrx_word' id='word_1_264' title='bbox 117 3513 181 3556; x_wconf 89' lang='lat' dir='ltr'><strong>vus</strong></span> <span class='ocrx_word' id='word_1_265' title='bbox 202 3501 312 3558; x_wconf 88' lang='lat' dir='ltr'><em>autam</em></span> <span class='ocrx_word' id='word_1_266' title='bbox 334 3513 400 3557; x_wconf 90' lang='lat' dir='ltr'><strong>non</strong></span> <span class='ocrx_word' id='word_1_267' title='bbox 424 3493 604 3558; x_wconf 86' lang='lat' dir='ltr'><strong>oo&#39;nvenit:</strong></span> <span class='ocrx_word' id='word_1_268' title='bbox 628 3513 704 3557; x_wconf 85' lang='lat' dir='ltr'><strong>nam</strong></span> <span class='ocrx_word' id='word_1_269' title='bbox 725 3493 851 3556; x_wconf 80' lang='lat' dir='ltr'><strong>oleaster</strong></span> <span class='ocrx_word' id='word_1_270' title='bbox 872 3513 981 3576; x_wconf 89' lang='lat' dir='ltr'><strong>nequa</strong></span> <span class='ocrx_word' id='word_1_271' title='bbox 995 3492 1171 3556; x_wconf 85' lang='lat' dir='ltr'><em>ambrosia</em></span> <span class='ocrx_word' id='word_1_272' title='bbox 1195 3499 1228 3553; x_wconf 88' lang='lat' dir='ltr'><strong>et</strong></span> 
     </span>
     <span class='ocr_line' id='line_1_32' title="bbox 108 3587 1227 3680; baseline -0.002 -26"><span class='ocrx_word' id='word_1_273' title='bbox 108 3597 256 3656; x_wconf 78' lang='lat' dir='ltr'><strong>nectare</strong></span> <span class='ocrx_word' id='word_1_274' title='bbox 270 3591 369 3680; x_wconf 79' lang='lat' dir='ltr'><em>esflnit</em></span> <span class='ocrx_word' id='word_1_275' title='bbox 381 3611 491 3676; x_wconf 89' lang='lat' dir='ltr'><strong>neque</strong></span> <span class='ocrx_word' id='word_1_276' title='bbox 507 3599 544 3654; x_wconf 91' lang='lat' dir='ltr'><strong>ut</strong></span> <span class='ocrx_word' id='word_1_277' title='bbox 556 3591 718 3656; x_wconf 86' lang='lat' dir='ltr'><em>Lambino</em></span> <span class='ocrx_word' id='word_1_278' title='bbox 730 3591 837 3655; x_wconf 89' lang='lat' dir='ltr'><strong>visum</strong></span> <span class='ocrx_word' id='word_1_279' title='bbox 851 3599 903 3654; x_wconf 91' lang='lat' dir='ltr'><strong>est</strong></span> <span class='ocrx_word' id='word_1_280' title='bbox 917 3591 1046 3679; x_wconf 72' lang='lat' dir='ltr'><em>diffluit,</em></span> <span class='ocrx_word' id='word_1_281' title='bbox 1061 3587 1123 3653; x_wconf 89' lang='lat' dir='ltr'><strong>sed</strong></span> <span class='ocrx_word' id='word_1_282' title='bbox 1139 3587 1227 3652; x_wconf 85' lang='lat' dir='ltr'><strong>forte</strong></span> 
     </span>
     <span class='ocr_line' id='line_1_33' title="bbox 115 3687 1225 3779; baseline -0.004 -27"><span class='ocrx_word' id='word_1_283' title='bbox 115 3689 250 3779; x_wconf 74' lang='lat' dir='ltr'><em>afflnal5</em></span> <span class='ocrx_word' id='word_1_284' title='bbox 270 3709 380 3774; x_wconf 88' lang='lat' dir='ltr'><strong>oeque</strong></span> <span class='ocrx_word' id='word_1_285' title='bbox 394 3689 483 3754; x_wconf 88' lang='lat' dir='ltr'><strong>idem</strong></span> <span class='ocrx_word' id='word_1_286' title='bbox 498 3698 634 3754; x_wconf 78' lang='lat' dir='ltr'><strong>nectare</strong></span> <span class='ocrx_word' id='word_1_287' title='bbox 650 3695 709 3753; x_wconf 84' lang='lat' dir='ltr'><strong>out</strong></span> <span class='ocrx_word' id='word_1_288' title='bbox 726 3689 895 3754; x_wconf 89' lang='lat' dir='ltr'><em>ambrosia</em></span> <span class='ocrx_word' id='word_1_289' title='bbox 911 3688 1008 3772; x_wconf 91' lang='lat' dir='ltr'><em>quasi</em></span> <span class='ocrx_word' id='word_1_290' title='bbox 1023 3687 1137 3750; x_wconf 85' lang='lat' dir='ltr'><strong>colore</strong></span> <span class='ocrx_word' id='word_1_291' title='bbox 1151 3689 1225 3749; x_wconf 73' lang='lat' dir='ltr'><strong>lirec-</strong></span> 
     </span>
     <span class='ocr_line' id='line_1_34' title="bbox 115 3783 1222 3872; baseline -0.005 -20"><span class='ocrx_word' id='word_1_292' title='bbox 115 3800 163 3852; x_wconf 83' lang='lat' dir='ltr'><strong>tas</strong></span> <span class='ocrx_word' id='word_1_293' title='bbox 185 3795 261 3852; x_wconf 89' lang='lat' dir='ltr'><strong>ost.</strong></span> <span class='ocrx_word' id='word_1_294' title='bbox 282 3787 387 3851; x_wconf 87' lang='lat' dir='ltr'><em>nihilo</em></span> <span class='ocrx_word' id='word_1_295' title='bbox 410 3789 518 3853; x_wconf 91' lang='lat' dir='ltr'><strong>minus</strong></span> <span class='ocrx_word' id='word_1_296' title='bbox 540 3786 626 3852; x_wconf 86' lang='lat' dir='ltr'><strong>haee</strong></span> <span class='ocrx_word' id='word_1_297' title='bbox 647 3789 850 3872; x_wconf 88' lang='lat' dir='ltr'><strong>interpretes</strong></span> <span class='ocrx_word' id='word_1_298' title='bbox 874 3788 1041 3871; x_wconf 87' lang='lat' dir='ltr'><strong>patienter</strong></span> <span class='ocrx_word' id='word_1_299' title='bbox 1064 3783 1222 3854; x_wconf 85' lang='lat' dir='ltr'><strong>tulerunt,</strong></span> 
     </span>
     <span class='ocr_line' id='line_1_35' title="bbox 116 3881 1226 3972; baseline -0.007 -20"><span class='ocrx_word' id='word_1_300' title='bbox 116 3907 192 3952; x_wconf 86' lang='lat' dir='ltr'><strong>eum</strong></span> <span class='ocrx_word' id='word_1_301' title='bbox 214 3905 347 3950; x_wconf 87' lang='lat' dir='ltr'><em>manum</em></span> <span class='ocrx_word' id='word_1_302' title='bbox 370 3891 491 3972; x_wconf 67' lang='lat' dir='ltr'><strong>peltas</strong></span> <span class='ocrx_word' id='word_1_303' title='bbox 514 3887 646 3950; x_wconf 88' lang='lat' dir='ltr'><em>minima</em></span> <span class='ocrx_word' id='word_1_304' title='bbox 668 3907 773 3970; x_wconf 91' lang='lat' dir='ltr'><strong>opera</strong></span> <span class='ocrx_word' id='word_1_305' title='bbox 794 3885 973 3949; x_wconf 88' lang='lat' dir='ltr'><strong>restituere</strong></span> <span class='ocrx_word' id='word_1_306' title='bbox 988 3889 1129 3965; x_wconf 89' lang='lat' dir='ltr'><strong>possent</strong></span> <span class='ocrx_word' id='word_1_307' title='bbox 1145 3881 1226 3944; x_wconf 87' lang='lat' dir='ltr'><strong>seri·</strong></span> 
     </span>
     <span class='ocr_line' id='line_1_36' title="bbox 114 3981 1226 4071; baseline -0.007 -21"><span class='ocrx_word' id='word_1_308' title='bbox 114 3982 230 4050; x_wconf 83' lang='lat' dir='ltr'><strong>bondo</strong></span> <span class='ocrx_word' id='word_1_309' title='bbox 254 3983 376 4071; x_wconf 71' lang='lat' dir='ltr'><em>Efflual</em></span> <span class='ocrx_word' id='word_1_310' title='bbox 395 3986 548 4050; x_wconf 75' lang='grc' dir='ltr'>αιηὸνοεία</span> <span class='ocrx_word' id='word_1_311' title='bbox 576 3984 648 4068; x_wconf 86' lang='lat' dir='ltr'><strong>(vel</strong></span> <span class='ocrx_word' id='word_1_312' title='bbox 671 3984 856 4066; x_wconf 71' lang='grc' dir='ltr'>αιιιύιοειαε)</span> <span class='ocrx_word' id='word_1_313' title='bbox 884 3981 971 4066; x_wconf 81' lang='lat' dir='ltr'><em>quasi</em></span> <span class='ocrx_word' id='word_1_314' title='bbox 993 4003 1060 4044; x_wconf 79' lang='lat' dir='ltr'><em>aare</em></span> <span class='ocrx_word' id='word_1_315' title='bbox 1081 3991 1108 4042; x_wconf 84' lang='lat' dir='ltr'><strong>el</strong></span> <span class='ocrx_word' id='word_1_316' title='bbox 1129 4001 1226 4042; x_wconf 79' lang='lat' dir='ltr'><strong>nsc-</strong></span> 
     </span>
     <span class='ocr_line' id='line_1_37' title="bbox 116 4079 1226 4167; baseline -0.005 -21"><span class='ocrx_word' id='word_1_317' title='bbox 116 4080 230 4146; x_wconf 74' lang='lat' dir='ltr'><strong>rasr’</strong></span> <span class='ocrx_word' id='word_1_318' title='bbox 253 4103 446 4148; x_wconf 73' lang='lat' dir='ltr'><strong>macrus.</strong></span> <span class='ocrx_word' id='word_1_319' title='bbox 477 4083 615 4167; x_wconf 79' lang='lat' dir='ltr'><em>capeliis</em></span> <span class='ocrx_word' id='word_1_320' title='bbox 639 4083 725 4148; x_wconf 84' lang='lat' dir='ltr'><strong>enirn</strong></span> <span class='ocrx_word' id='word_1_321' title='bbox 748 4079 830 4166; x_wconf 90' lang='lat' dir='ltr'><strong>quid</strong></span> <span class='ocrx_word' id='word_1_322' title='bbox 852 4079 956 4164; x_wconf 81' lang='lat' dir='ltr'><em>magis</em></span> <span class='ocrx_word' id='word_1_323' title='bbox 978 4079 1151 4163; x_wconf 85' lang='lat' dir='ltr'><strong>proprium</strong></span> <span class='ocrx_word' id='word_1_324' title='bbox 1174 4087 1226 4140; x_wconf 87' lang='lat' dir='ltr'><strong>est</strong></span> 
     </span>
     <span class='ocr_line' id='line_1_38' title="bbox 115 4175 1224 4260; baseline -0.004 -18"><span class='ocrx_word' id='word_1_325' title='bbox 115 4176 233 4242; x_wconf 78' lang='lat' dir='ltr'><em>linoln?</em></span> <span class='ocrx_word' id='word_1_326' title='bbox 248 4186 283 4243; x_wconf 89' lang='lat' dir='ltr'><strong>et</strong></span> <span class='ocrx_word' id='word_1_327' title='bbox 296 4177 364 4242; x_wconf 89' lang='lat' dir='ltr'><strong>hoo</strong></span> <span class='ocrx_word' id='word_1_328' title='bbox 379 4182 545 4246; x_wconf 84' lang='lat' dir='ltr'><strong>vocabulo</strong></span> <span class='ocrx_word' id='word_1_329' title='bbox 562 4203 629 4246; x_wconf 91' lang='lat' dir='ltr'><strong>nou</strong></span> <span class='ocrx_word' id='word_1_330' title='bbox 646 4179 746 4245; x_wconf 76' lang='lat' dir='ltr'><em>inodo</em></span> <span class='ocrx_word' id='word_1_331' title='bbox 763 4179 890 4244; x_wconf 88' lang='lat' dir='ltr'><strong>Plinius</strong></span> <span class='ocrx_word' id='word_1_332' title='bbox 907 4198 987 4242; x_wconf 91' lang='lat' dir='ltr'><strong>usus</strong></span> <span class='ocrx_word' id='word_1_333' title='bbox 1003 4185 1072 4256; x_wconf 88' lang='lat' dir='ltr'><strong>est,</strong></span> <span class='ocrx_word' id='word_1_334' title='bbox 1088 4175 1150 4240; x_wconf 89' lang='lat' dir='ltr'><strong>sed</strong></span> <span class='ocrx_word' id='word_1_335' title='bbox 1165 4198 1224 4260; x_wconf 93' lang='lat' dir='ltr'><strong>po·</strong></span> 
     </span>
     <span class='ocr_line' id='line_1_39' title="bbox 116 4275 1225 4364; baseline -0.005 -24"><span class='ocrx_word' id='word_1_336' title='bbox 116 4277 182 4340; x_wconf 92' lang='lat' dir='ltr'><strong>tuit</strong></span> <span class='ocrx_word' id='word_1_337' title='bbox 197 4278 286 4340; x_wconf 85' lang='lat' dir='ltr'><strong>omui</strong></span> <span class='ocrx_word' id='word_1_338' title='bbox 301 4285 452 4363; x_wconf 89' lang='lat' dir='ltr'><strong>tempore</strong></span> <span class='ocrx_word' id='word_1_339' title='bbox 469 4279 577 4364; x_wconf 90' lang='lat' dir='ltr'><strong>quivis</strong></span> <span class='ocrx_word' id='word_1_340' title='bbox 593 4280 659 4342; x_wconf 90' lang='lat' dir='ltr'><strong>uti.</strong></span> <span class='ocrx_word' id='word_1_341' title='bbox 683 4278 767 4342; x_wconf 85' lang='lat' dir='ltr'><em>haec</em></span> <span class='ocrx_word' id='word_1_342' title='bbox 790 4277 859 4340; x_wconf 85' lang='lat' dir='ltr'><strong>iere</strong></span> <span class='ocrx_word' id='word_1_343' title='bbox 875 4275 1044 4360; x_wconf 86' lang='lat' dir='ltr'><em>disputavi</em></span> <span class='ocrx_word' id='word_1_344' title='bbox 1059 4276 1092 4338; x_wconf 94' lang='lat' dir='ltr'><strong>in</strong></span> <span class='ocrx_word' id='word_1_345' title='bbox 1108 4279 1225 4358; x_wconf 84' lang='lat' dir='ltr'><em>proiic-</em></span> 
     </span>
     <span class='ocr_line' id='line_1_40' title="bbox 117 4373 1225 4460; baseline -0.007 -20"><span class='ocrx_word' id='word_1_346' title='bbox 117 4373 214 4450; x_wconf 87' lang='lat' dir='ltr'><em>dosi,</em></span> <span class='ocrx_word' id='word_1_347' title='bbox 237 4376 430 4460; x_wconf 76' lang='lat' dir='ltr'><em>quaefacta</em></span> <span class='ocrx_word' id='word_1_348' title='bbox 446 4387 499 4444; x_wconf 85' lang='lat' dir='ltr'><strong>est</strong></span> <span class='ocrx_word' id='word_1_349' title='bbox 514 4399 601 4443; x_wconf 85' lang='lat' dir='ltr'><em>anuo</em></span> <span class='ocrx_word' id='word_1_350' title='bbox 618 4400 820 4442; x_wconf 78' lang='lat' dir='ltr'><strong>urrccoxrrrr</strong></span> <span class='ocrx_word' id='word_1_351' title='bbox 837 4375 891 4440; x_wconf 90' lang='lat' dir='ltr'><strong>die</strong></span> <span class='ocrx_word' id='word_1_352' title='bbox 907 4398 987 4438; x_wconf 79' lang='lat' dir='ltr'><em>xxiv</em></span> <span class='ocrx_word' id='word_1_353' title='bbox 1004 4373 1094 4445; x_wconf 91' lang='lat' dir='ltr'><em>iulii,</em></span> <span class='ocrx_word' id='word_1_354' title='bbox 1119 4392 1225 4454; x_wconf 86' lang='lat' dir='ltr'><strong>nequo</strong></span> 
     </span>
     <span class='ocr_line' id='line_1_41' title="bbox 117 4469 1225 4560; baseline -0.005 -24"><span class='ocrx_word' id='word_1_355' title='bbox 117 4492 207 4538; x_wconf 88' lang='lat' dir='ltr'><strong>nuno</strong></span> <span class='ocrx_word' id='word_1_356' title='bbox 215 4479 322 4539; x_wconf 92' lang='lat' dir='ltr'><strong>muto.</strong></span> <span class='ocrx_word' id='word_1_357' title='bbox 336 4475 398 4542; x_wconf 91' lang='lat' dir='ltr'><strong>sed</strong></span> <span class='ocrx_word' id='word_1_358' title='bbox 411 4477 562 4560; x_wconf 83' lang='lat' dir='ltr'><em>quamvis</em></span> <span class='ocrx_word' id='word_1_359' title='bbox 574 4483 666 4541; x_wconf 86' lang='lat' dir='ltr'><strong>reete</strong></span> <span class='ocrx_word' id='word_1_360' title='bbox 678 4476 829 4540; x_wconf 70' lang='lat' dir='ltr'><strong>‹cerebrosia</strong></span> <span class='ocrx_word' id='word_1_361' title='bbox 842 4475 972 4540; x_wconf 80' lang='lat' dir='ltr'><em>dicatur</em></span> <span class='ocrx_word' id='word_1_362' title='bbox 985 4472 1098 4536; x_wconf 87' lang='lat' dir='ltr'><em>ultirna</em></span> <span class='ocrx_word' id='word_1_363' title='bbox 1111 4469 1225 4554; x_wconf 82' lang='lat' dir='ltr'><em>longa.</em></span> 
     </span>
    </p>
   </div>
   <div class='ocr_carea' id='block_1_5' title="bbox 0 0 1500 5182">
    <p class='ocr_par' dir='ltr' id='par_1_5' title="bbox 0 0 1500 5182">
     <span class='ocr_line' id='line_1_42' title="bbox 0 0 1500 5182; baseline 0 3"><span class='ocrx_word' id='word_1_364' title='bbox 0 0 1500 5182; x_wconf 95' lang='lat' dir='ltr'><strong> </strong></span> 
     </span>
    </p>
   </div>
  </div>
 </body>
</html>
