3034 5204
649 478 700 548 VI

102 653 155 716 hic
171 653 235 716 ubi
249 652 301 715 sol
314 651 416 716 radiis
426 701 434 728 ‚
445 659 677 738 tempestatem
691 653 778 717 iuter
793 675 946 741 opacam,

49 785 80 826 m
100 765 251 830 adversa
265 766 356 831 fulsit
370 766 555 830 nimborum
570 768 747 855 aspargine
763 777 895 845 contra,

101 889 173 945 turn
190 881 288 945 color
301 882 335 944 in
349 881 451 967 nigris
467 881 579 945 existit
594 883 736 946 nubibus
752 884 860 968 arqui.

144 996 272 1060 Cetera
287 1017 373 1080 quae
388 1017 487 1058 cursu
503 1005 659 1061 crescunt
674 1018 840 1081 cursuque
855 1007 1024 1074 creantur,

104 1119 137 1174 et
152 1131 246 1196 quae
262 1118 483 1206 concrescunt
495 1111 528 1174 in
544 1111 687 1176 nubibus
697 1160 705 1186 ‚
717 1111 842 1189 omnia,
854 1135 1007 1197 prorsum

103 1225 236 1300 omnia,
247 1223 304 1288 nix
314 1274 322 1300 ‚
333 1227 443 1301 venti,
454 1223 583 1311 grando
594 1274 601 1301 ‚
613 1224 809 1312 gelidaeque
824 1227 976 1312 pruinae,

50 1355 83 1400 :cc
104 1349 136 1402 et
151 1339 209 1404 vis
223 1360 342 1426 magna
357 1339 438 1424 geli,
450 1361 603 1426 magnum
618 1339 777 1405 duramen
793 1362 966 1426 aquarum,

104 1463 138 1518 et
153 1475 253 1519 mora
268 1476 352 1540 quae
366 1453 484 1518 fluvios
499 1455 623 1540 passim
636 1455 785 1520 refrenat
800 1457 924 1532 euntis,

104 1569 302 1652 perfacilest
316 1577 428 1633 tamen
441 1568 525 1632 haec
539 1569 686 1656 reperire
701 1570 877 1656 anunoque
892 1571 1007 1636 videre

106 1685 222 1747 omnia
238 1704 304 1768 quc
319 1691 420 1768 pacto
434 1683 515 1748 liant
530 1705 596 1770 qua
610 1706 690 1749 reve
705 1693 875 1762 creentur,

105 1819 182 1861 cum
197 1799 283 1862 bene
299 1799 453 1883 cognoris
469 1799 637 1863 elementis
652 1799 785 1864 reddita
801 1821 887 1884 quae
901 1803 981 1866 sint.

50 1924 85 1970 tu
144 1911 248 1977 Nunc
263 1934 324 1999 age
334 1962 341 1988 ‚
353 1935 438 1998 quae
452 1914 538 1978 ratio
554 1915 654 1978 terrai
668 1915 813 1979 motibus
829 1924 922 1980 extet

104 2027 259 2112 percipe.
273 2027 352 2091 etin
367 2028 481 2112 primis
495 2038 618 2093 terram
632 2029 685 2093 fac
699 2037 737 2092 ut
751 2051 825 2093 esse
840 2031 944 2094 rearis

107 2149 227 2228 supter
239 2141 318 2204 item
331 2148 370 2205 ut
383 2163 506 2227 supera
518 2143 667 2206 ventosis
682 2142 830 2226 undique
846 2144 978 2228 plenam

107 2255 294 2340 speluncis,
306 2256 496 2340 multosque
510 2257 602 2320 lacus
617 2257 804 2341 multasque
818 2257 956 2325 lucunas

108 2369 140 2432 in
155 2370 283 2456 gremio
298 2392 415 2457 gerere
430 2378 464 2435 et
477 2392 579 2457 rupes
595 2371 804 2456 deruptaque
820 2391 918 2434 saxa:

52 2496 88 2544 'uc
108 2485 280 2571 multaque
295 2485 358 2549 sub
372 2493 469 2571 tergo
485 2485 586 2550 terrai
600 2484 734 2548 flumina
747 2493 839 2550 tecta

109 2601 244 2664 volvere
258 2603 289 2664 vi
304 2599 424 2664 fluctus
438 2620 685 2686 summersaque
700 2621 783 2664 saxa
797 2599 1031 2686 putandumst:

108 2714 257 2799 undique
273 2715 358 2778 enim
373 2713 508 2778 similem
524 2737 597 2780 esse
612 2716 663 2778 sui
677 2737 732 2779 res
747 2717 896 2802 postulat
909 2717 998 2802 ipsa.

109 2825 160 2891 his
174 2829 275 2914 igitur
289 2829 389 2892 rebus
405 2830 588 2894 subiunctis
604 2830 854 2917 suppositisque

109 2950 200 3007 terra
214 2964 358 3027 superne
371 2944 483 3009 tremit
497 2946 623 3029 magnis
639 2964 803 3008 concussa
816 2945 935 3018 ruinis,

55 3066 92 3112 us
112 3060 229 3123 subter
242 3059 300 3122 ubi
314 3059 455 3144 ingentis
471 3057 647 3144 speluncas
663 3059 792 3122 subruit
806 3065 911 3121 aetas:

112 3174 234 3258 quippe
250 3171 375 3238 cadunt
388 3173 451 3236 toti
466 3177 594 3235 montes
604 3218 612 3245 ‚
623 3190 811 3254 magnoque
825 3178 964 3255 repente

112 3307 278 3351 concussu
291 3287 357 3351 late
372 3285 565 3372 disserpunt
577 3284 656 3348 inde
670 3293 846 3349 tremores.

114 3409 147 3464 et
159 3401 294 3477 meritc,
307 3402 462 3486 quoniam
476 3400 616 3486 plaustri
631 3421 793 3464 concussa
807 3407 1011 3472 tremescunt

111 3521 215 3592 tecta,
226 3516 311 3580 viam
326 3523 483 3602 propter,
494 3536 563 3579 non
576 3535 697 3600 magno
713 3513 864 3600 pondere
877 3521 966 3588 tota,

56 3635 92 3684 ste
111 3649 170 3694 nec
186 3631 291 3694 minus
308 3631 476 3706 exultant,
488 3639 522 3692 et
535 3631 592 3694 ubi
606 3630 681 3716 lapi'
697 3651 837 3715 cumque
852 3628 918 3693 viai

111 3743 253 3808 ferratos
267 3745 434 3829 utrimque
448 3750 595 3806 rotarum
611 3743 756 3807 succutit
770 3744 883 3808 orbes.

112 3857 145 3922 fit
160 3879 295 3944 quoque
305 3859 379 3935 ,ubi
392 3857 425 3921 in
441 3877 577 3942 magnas
592 3863 700 3942 aqi'rae
715 3864 895 3943 vastasque
909 3857 1047 3922 lucunas

116 4077 301 4086 -·—-.-—-——--

115 4209 162 4256 524
180 4211 340 4274 tempestate
357 4205 412 4257 inte
438 4203 448 4272 11
476 4209 525 4256 526
545 4204 621 4258 existi
642 4205 651 4274 11
671 4209 719 4256 527
738 4221 842 4258 sursum
862 4205 872 4274 11
890 4219 1048 4274 sursumque
1066 4203 1076 4270 11
1096 4207 1141 4254 531
1163 4204 1236 4256 avin-

114 4287 158 4339 tis.
186 4289 196 4356 11
226 4293 274 4339 532
293 4286 427 4340 Perfacile
443 4288 466 4340 si
493 4289 503 4356 11
532 4293 579 4339 533
599 4287 681 4342 fluent
707 4288 717 4356 11
746 4293 794 4340 536
813 4295 898 4340 terras
918 4287 928 4355 ΙΙ
955 4292 1003 4338 537
1023 4302 1102 4356 super
1121 4285 1207 4338 ventis
1226 4285 1236 4352 11

114 4376 161 4424 539
179 4389 261 4442 rupes
279 4370 392 4442 derupes
411 4371 421 4442 11
447 4378 493 4424 521
514 4387 708 4425 summersosca
726 4370 736 4438 11
756 4377 804 4423 542
823 4369 909 4423 simile
927 4385 987 4423 esse
1005 4369 1031 4421 vi
1049 4369 1059 4438 11
1079 4372 1128 4420 als
1146 4366 1236 4436 plaus-

113 4454 160 4507 tris
178 4456 188 4524 11
209 4459 258 4508 550
277 4471 306 4507 es
323 4454 419 4526 dupuis
436 4471 547 4524 cumque
565 4455 630 4508 vim.
