2972 5188
205 407 206 410 ‘
268 447 337 514 326
815 443 846 508 v

268 629 416 686 lassent.
433 626 561 703 quanto
576 618 702 680 rectius
718 627 792 681 erat
807 623 867 680 aut
881 623 997 680 cetera
1011 625 1210 702 argumenta
1224 618 1382 682 conside-

265 741 342 784 rare
364 725 423 782 aut
443 716 527 781 illud
548 717 657 799 ipsum
679 717 703 778 ii
725 716 847 801 quibus
868 715 990 779 finibus
1013 714 1245 780 contineretur
1268 715 1382 780 denuo

267 813 682 901 quaererelmihipauonla
690 813 840 879 delibare
849 811 996 891 libet,ne
1004 812 1102 878 nimis
1111 833 1307 878 excurram.
1314 817 1382 899 pri·

265 913 561 997 mumPropertius
569 901 638 978 non
646 912 748 977 modo
759 912 932 978 distractis
941 912 1081 998 syllabis
1089 912 1123 974 in
1131 913 1293 996 genetivo
1302 915 1382 977 sub·

267 1013 491 1076 stantivorum
500 1012 733 1096 casuprimus,
744 1011 915 1079 sedetiam
925 1009 1093 1096 disyllabo
1104 1017 1229 1072 arectc
1238 1011 1381 1075 tribrevi

268 1109 361 1174 solus
377 1132 458 1174 usus
473 1117 542 1184 est,
558 1127 632 1174 eum
644 1108 731 1174 dixit
745 1133 835 1174 omno
847 1109 936 1172 illari
947 1115 982 1172 et
991 1109 1159 1195 torrefacta
1170 1107 1278 1186 Mori,
1298 1110 1382 1172 Tunc

268 1208 481 1272 cuimisertus
496 1209 594 1287 Deci,
616 1207 749 1272 coruudil
769 1229 858 1270 arma
879 1207 908 1270 T
904 1208 967 1284 aei,
989 1206 1066 1270 item
1082 1205 1171 1270 tuta
1190 1207 1261 1270 Tati
1276 1215 1311 1269 et
1326 1231 1382 1270 oro

273 1307 340 1370 Tati
348 1353 354 1368 .
370 1305 437 1370 hoc
452 1306 539 1370 enim
553 1306 664 1370 nullus
679 1313 869 1370 ceterorum
882 1305 1034 1368 imitatus
1049 1311 1118 1378 est,
1133 1324 1197 1367 nec
1208 1302 1309 1368 facile
1321 1303 1379 1367 ad-

268 1402 376 1468 ducor
390 1413 429 1470 ut
443 1403 577 1468 credam
594 1402 751 1468 Ovidium
767 1403 869 1468 semel
888 1404 957 1466 Tati
971 1403 1147 1486 scripsisse
1165 1401 1379 1466 infestorum

268 1524 289 1576 1,
298 1501 379 1566 260.
401 1503 434 1566 in
459 1503 614 1566 versibus
629 1500 793 1566 scaenicis
806 1510 940 1565 veteres
955 1499 1009 1564 his
1024 1498 1200 1586 disyllabis
1215 1501 1269 1563 usi
1284 1511 1379 1565 sunt.

268 1598 330 1664 sed
349 1600 579 1684 paucissimis,
594 1601 678 1684 preti
697 1601 749 1662 uiti
769 1599 857 1682 (non
876 1600 948 1684 perri
969 1599 1035 1662 loni
1046 1597 1111 1684 soli
1130 1599 1189 1661 soli
1202 1598 1283 1682 spoli
1294 1597 1380 1682 qlodi

266 1697 381 1782 studi),
397 1707 431 1762 et
445 1708 526 1782 post
540 1696 725 1782 Vergilium
745 1717 862 1771 nemo,
885 1696 979 1760 euius
995 1703 1048 1758 cst
1061 1696 1096 1759 in¹
1111 1695 1239 1760 Sabino
1253 1697 1382 1759 colmiae

266 1797 410 1879 impetum
424 1797 480 1858 cisi
487 1821 498 1856 .·
516 1793 695 1860 Phaedrus
711 1802 745 1857 et
760 1793 891 1860 Seneca
900 1795 994 1878 pretii
1007 1795 1102 1858 serui.
1125 1801 1162 1856 nt
1175 1793 1209 1856 in
1225 1792 1379 1858 versibus

266 1892 472 1956 hexametris
484 1893 620 1958 diversa
635 1901 687 1956 est
698 1893 909 1958 observatio.
925 1893 960 1954 in
970 1891 1123 1962 Moreto,
1139 1890 1232 1974 quod
1245 1912 1378 1956 carmen

267 1989 470 2076 Vergilianis
485 1998 597 2055 aetate
612 2012 675 2077 par
690 2011 764 2056 esse
781 1991 952 2064 existimo,
967 1990 1008 2054 89
1020 1991 1096 2054 Inde
1111 2012 1214 2054 comas
1228 1991 1296 2074 opii
1304 2012 1377 2074 yra-

268 2091 362 2169 εἰὶσε,
390 2090 463 2176 ipse
487 2089 654 2178 Vergilius
682 2090 716 2153 in
739 2087 911 2154 Aeneidos
935 2085 1277 2173 111‚702Iumooisque
1302 2086 1381 2151 Gelo

258 2187 353 2275 fluuii
366 2189 540 2273 coprromioe
554 2189 657 2252 dicta:
679 2187 722 2251 dc
743 2187 810 2250 hoc
833 2187 919 2251 enim
935 2207 1057 2260 versu,
1079 2205 1180 2269 quem
1194 2183 1296 2248 Silius
1310 2207 1374 2255 xiv,

267 2284 328 2350 218
344 2293 378 2349 et
391 2285 595 2350 Claudianus
610 2285 653 2350 de
668 2293 770 2370 raptu
781 2284 876 2348 Pros.
892 2307 927 2360 ιι,
936 2285 977 2348 58
990 2283 1109 2346 imitati
1125 2281 1374 2368 sunt‚Wagne

178 2392 181 2396 '
269 2405 342 2448 rum
363 2384 490 2448 rectius
511 2385 545 2447 in
561 2383 808 2448 commentariis
824 2382 869 2447 ad
890 2383 1013 2448 librum
1028 2403 1067 2445 ιιι
1090 2379 1241 2446 iudicare
1256 2401 1375 2445 censeo

269 2503 367 2565 quam
383 2480 428 2545 ad
443 2504 487 2554 rx,
499 2481 554 2544 151
567 2528 576 2553 ,
590 2501 700 2565 neque
712 2478 996 2565 praetereundum
1008 2487 1061 2544 cst
1072 2485 1224 2563 poetam,
1240 2501 1313 2544 oum
1327 2478 1375 2542 di·

268 2579 314 2642 cit
329 2580 490 2663 campique
507 2577 615 2656 Geloi,
635 2577 733 2657 Gela,
748 2578 888 2642 Homeri
903 2577 960 2640 illa
975 2577 1182 2661 exprimere,
1197 2598 1285 2662 qnae
1300 2586 1376 2642 sunt

267 2675 302 2738 in
319 2687 333 2738 Β
349 2673 476 2738 lliados
491 2674 571 2748 711,
594 2676 681 2758 rapat
698 2672 838 2738 bonnella
853 2676 984 2747 alueus,
1007 2673 1119 2738 enisus
1136 2677 1182 2738 ael
1199 2673 1374 2760 sinciput.

269 2778 347 2836 ante
362 2771 461 2836 huius
477 2777 630 2856 tempora
640 2771 755 2835 Attius
769 2770 1010 2860 maluitfluciae
1024 2772 1058 2835 in
1074 2772 1266 2847 Oenomao,
1288 2772 1376 2858 apud

267 2869 413 2934 Nonium
427 2893 460 2956 p.
470 2871 519 2950 73,
528 2869 568 2934 25
581 2919 587 2934 .
609 2869 672 2934 sed
687 2877 726 2934 nt
740 2863 931 2955 Vergilius,
945 2870 994 2934 ita
1010 2868 1148 2940 Gratius
1166 2871 1204 2936 18
1219 2871 1260 2935 38
1277 2872 1374 2939 Laut

267 2971 358 3054 spatii
374 2967 593 3034 Germanicus
609 2969 689 3043 531,
709 2969 745 3032 in
760 2967 902 3055 plurium
919 2968 1125 3055 syllabarum
1139 2970 1313 3036 vocabulis
1327 2969 1375 3033 di-

268 3067 372 3132 ducta
386 3068 532 3154 genetivi
547 3067 657 3133 forma
671 3089 740 3132 non
755 3067 825 3130 nsi.
849 3087 1050 3153 quamquam
1071 3067 1155 3130 haec
1175 3067 1247 3132 lere
1267 3067 1375 3132 adiec-

267 3167 336 3230 tiva
347 3177 442 3241 sunt,
459 3177 551 3252 certe
562 3167 704 3245 Lotirum,
715 3167 880 3251 itemque,
891 3166 955 3230 nisi
970 3163 1086 3238 fallor,
1098 3187 1137 3228 ea
1149 3185 1236 3250 quae
1247 3166 1374 3230 incerto

267 3285 352 3330 sexu
364 3273 460 3340 sunt,
475 3265 581 3349 apium
595 3266 698 3349 opizo,
704 3263 947 3353 fluviusfluoio:
960 3263 995 3326 in
1010 3263 1184 3328 adiectivis
1199 3271 1311 3328 autem
1321 3285 1375 3350 ge-

266 3363 400 3425 netivus
420 3362 555 3427 brevior
574 3361 686 3425 locum
706 3361 917 3436 nonhabet,
940 3368 975 3425 et
995 3361 1191 3425 observavit
1209 3361 1375 3446 Hauplins

266 3460 315 3523 ita
335 3459 501 3523 Catullum
523 3459 648 3522 dixisse
670 3459 829 3546 gignendi
851 3480 932 3524 casu
954 3459 1184 3524 obsidionali
1205 3459 1283 3524 bau
1303 3460 1375 3538 ab.

267 3578 378 3640 neque
399 3577 600 3641 quemqnam
621 3560 727 3636 irrisui,
750 3559 902 3642 quamvis
926 3556 1099 3622 Ciceronis
1122 3559 1190 3621 sint
1211 3561 1324 3645 dqrrori
1344 3567 1378 3622 et

267 3656 424 3740 supinari.
447 3663 560 3718 manet
576 3663 687 3718 tamen
701 3658 792 3740 spatii
801 3681 813 3736 ,·
829 3655 965 3740 quodsi
982 3656 1111 3740 antiqui
1126 3677 1208 3720 usus
1224 3669 1293 3731 est,
1309 3657 1376 3720 Ho-

267 3753 373 3816 ratius
390 3761 576 3839 quoquest
593 3754 700 3838 Coprii
713 3755 822 3838 prima
842 3763 1001 3839 correpta
1023 3764 1055 3818 et
1076 3753 1193 3820 eadem
1210 3755 1376 3840 producta

271 3855 365 3938 Capri
379 3851 506 3918 dixisse
521 3861 580 3918 ant
595 3853 769 3918 arbitrium
784 3853 946 3918 lectorum
961 3853 1082 3918 secisse
1098 3856 1228 3938 potuit.
1251 3854 1314 3919 sed
1335 3853 1376 3917 ad

267 3950 481 4033 Propertium
503 3953 642 4026 redibo,
666 3974 764 4037 quem
785 3952 918 4016 minime
936 3959 1133 4016 novatorem
1147 3951 1254 4016 fuisse
1269 3952 1377 4023 solus,
1474 4015 1475 4042 ¹

267 4055 350 4131 puto
360 4093 368 4120 ,
378 4047 543 4136 Forbiger
554 4053 618 4116 sibi
629 4051 814 4136 persuasit:
830 4059 922 4116 certe
937 4073 1034 4115 nemo
1050 4059 1129 4114 ante
1139 4049 1231 4114 hunc
1245 4050 1377 4137 longius
1474 4049 1475 4078 l

268 4147 310 4210 ab
326 4146 464 4230 antiqua
482 4150 638 4212 castitate
659 4151 823 4214 sermonis
846 4151 1007 4213 recessit.
1028 4149 1143 4232 itaque
1159 4147 1376 4214 Germanicus
1474 4169 1475 4172 ¹

267 4241 403 4330 quidem
413 4244 448 4308 in
460 4244 524 4308 hac
535 4268 571 4310 re
584 4257 731 4312 veterem
744 4247 1021 4312 consuetudinem
1033 4247 1292 4332 seqnitur,ite1n
1303 4246 1375 4310 Ma·
1474 4309 1475 4316 ,

266 4343 385 4416 uilius,
401 4341 558 4408 laudator
573 4345 706 4411 Pisonis
723 4346 941 4430 Calpurnius,
956 4345 1112 4409 Persius:
1128 4353 1248 4409 contra
1261 4344 1374 4432 primi,
1474 4335 1475 4364 l

267 4448 304 4506 ut
320 4464 338 4506 a
355 4441 506 4507 Bentleio
529 4449 619 4506 recte
642 4447 857 4510 observatum
879 4453 950 4520 est,
973 4443 1170 4526 Propertius
1186 4453 1220 4510 et
1235 4441 1373 4508 Ovidius
1474 4492 1475 4510 ι
