<?xml version="1.0" encoding="UTF-8"?>
<!DOCTYPE html PUBLIC "-//W3C//DTD XHTML 1.0 Transitional//EN"
    "http://www.w3.org/TR/xhtml1/DTD/xhtml1-transitional.dtd">
<html xmlns="http://www.w3.org/1999/xhtml" xml:lang="en" lang="en">
 <head>
  <title>
</title>
<meta http-equiv="Content-Type" content="text/html;charset=utf-8" />
  <meta name='ocr-system' content='tesseract 3.04.00' />
  <meta name='ocr-capabilities' content='ocr_page ocr_carea ocr_par ocr_line ocrx_word'/>
</head>
<body>
  <div class='ocr_page' id='page_1' title='image "./intlucretiicari00lachgoog_0236.png"; bbox 0 0 3034 5204; ppageno 0'>
   <div class='ocr_carea' id='block_1_1' title="bbox 675 355 726 422">
    <p class='ocr_par' dir='ltr' id='par_1_1' title="bbox 675 355 726 422">
     <span class='ocr_line' id='line_1_1' title="bbox 675 355 726 422; baseline 0 0"><span class='ocrx_word' id='word_1_1' title='bbox 675 355 726 422; x_wconf 94' lang='lat' dir='ltr'><strong>VI</strong></span> 
     </span>
    </p>
   </div>
   <div class='ocr_carea' id='block_1_2' title="bbox 57 525 1094 2554">
    <p class='ocr_par' dir='ltr' id='par_1_2' title="bbox 57 525 1094 2554">
     <span class='ocr_line' id='line_1_2' title="bbox 57 525 882 614; baseline 0.005 -26"><span class='ocrx_word' id='word_1_2' title='bbox 57 547 93 588; x_wconf 70' lang='lat' dir='ltr'><strong>:os</strong></span> <span class='ocrx_word' id='word_1_3' title='bbox 115 527 271 592; x_wconf 84' lang='lat' dir='ltr'><strong>naribus</strong></span> <span class='ocrx_word' id='word_1_4' title='bbox 286 525 434 613; x_wconf 76' lang='lat' dir='ltr'><strong>alipedes</strong></span> <span class='ocrx_word' id='word_1_5' title='bbox 448 534 487 591; x_wconf 87' lang='lat' dir='ltr'><strong>ut</strong></span> <span class='ocrx_word' id='word_1_6' title='bbox 501 527 591 592; x_wconf 86' lang='lat' dir='ltr'><strong>cervi</strong></span> <span class='ocrx_word' id='word_1_7' title='bbox 606 548 707 613; x_wconf 83' lang='lat' dir='ltr'><strong>saepe</strong></span> <span class='ocrx_word' id='word_1_8' title='bbox 719 531 882 614; x_wconf 88' lang='lat' dir='ltr'><strong>&#39;putantur</strong></span> 
     </span>
     <span class='ocr_line' id='line_1_3' title="bbox 117 640 950 727; baseline 0 -23"><span class='ocrx_word' id='word_1_9' title='bbox 117 641 259 706; x_wconf 86' lang='lat' dir='ltr'><strong>ducere</strong></span> <span class='ocrx_word' id='word_1_10' title='bbox 274 640 317 705; x_wconf 91' lang='lat' dir='ltr'><strong>de</strong></span> <span class='ocrx_word' id='word_1_11' title='bbox 332 641 467 706; x_wconf 83' lang='lat' dir='ltr'><strong>latebris</strong></span> <span class='ocrx_word' id='word_1_12' title='bbox 483 643 652 727; x_wconf 76' lang='lat' dir='ltr'><strong>serpentia</strong></span> <span class='ocrx_word' id='word_1_13' title='bbox 666 643 777 707; x_wconf 84' lang='lat' dir='ltr'><strong>saecla</strong></span> <span class='ocrx_word' id='word_1_14' title='bbox 791 642 950 706; x_wconf 84' lang='lat' dir='ltr'><strong>ferarum.</strong></span> 
     </span>
     <span class='ocr_line' id='line_1_4' title="bbox 117 755 992 842; baseline 0.001 -23"><span class='ocrx_word' id='word_1_15' title='bbox 117 755 227 841; x_wconf 90' lang='lat' dir='ltr'><strong>quod</strong></span> <span class='ocrx_word' id='word_1_16' title='bbox 241 755 359 840; x_wconf 89' lang='lat' dir='ltr'><strong>procul</strong></span> <span class='ocrx_word' id='word_1_17' title='bbox 374 777 394 818; x_wconf 87' lang='lat' dir='ltr'><strong>a</strong></span> <span class='ocrx_word' id='word_1_18' title='bbox 407 775 488 818; x_wconf 84' lang='lat' dir='ltr'><strong>vere</strong></span> <span class='ocrx_word' id='word_1_19' title='bbox 504 778 603 841; x_wconf 85' lang='lat' dir='ltr'><strong>quam</strong></span> <span class='ocrx_word' id='word_1_20' title='bbox 619 757 663 820; x_wconf 92' lang='lat' dir='ltr'><strong>sit</strong></span> <span class='ocrx_word' id='word_1_21' title='bbox 677 757 807 821; x_wconf 85' lang='lat' dir='ltr'><strong>ratione</strong></span> <span class='ocrx_word' id='word_1_22' title='bbox 821 755 992 842; x_wconf 88' lang='lat' dir='ltr'><strong>repulsum</strong></span> 
     </span>
     <span class='ocr_line' id='line_1_5' title="bbox 117 867 935 956; baseline 0 -23"><span class='ocrx_word' id='word_1_23' title='bbox 117 869 285 954; x_wconf 84' lang='lat' dir='ltr'><strong>percipe:</strong></span> <span class='ocrx_word' id='word_1_24' title='bbox 296 889 373 934; x_wconf 84' lang='lat' dir='ltr'><strong>nam</strong></span> <span class='ocrx_word' id='word_1_25' title='bbox 389 867 431 932; x_wconf 88' lang='lat' dir='ltr'><strong>de</strong></span> <span class='ocrx_word' id='word_1_26' title='bbox 444 890 481 933; x_wconf 87' lang='grc'><strong>10</strong></span> <span class='ocrx_word' id='word_1_27' title='bbox 496 891 584 934; x_wconf 88' lang='lat' dir='ltr'><strong>nune</strong></span> <span class='ocrx_word' id='word_1_28' title='bbox 598 871 673 956; x_wconf 87' lang='lat' dir='ltr'><strong>ipsa</strong></span> <span class='ocrx_word' id='word_1_29' title='bbox 687 870 798 935; x_wconf 84' lang='lat' dir='ltr'><strong>dicere</strong></span> <span class='ocrx_word' id='word_1_30' title='bbox 814 891 935 936; x_wconf 89' lang='lat' dir='ltr'><strong>conor.</strong></span> 
     </span>
     <span class='ocr_line' id='line_1_6' title="bbox 160 981 1094 1072; baseline 0.001 -26"><span class='ocrx_word' id='word_1_31' title='bbox 160 983 342 1068; x_wconf 87' lang='lat' dir='ltr'><strong>Principio</strong></span> <span class='ocrx_word' id='word_1_32' title='bbox 356 982 423 1047; x_wconf 92' lang='lat' dir='ltr'><strong>hoc</strong></span> <span class='ocrx_word' id='word_1_33' title='bbox 439 981 532 1058; x_wconf 84' lang='lat' dir='ltr'><strong>dico,</strong></span> <span class='ocrx_word' id='word_1_34' title='bbox 545 982 638 1068; x_wconf 90' lang='lat' dir='ltr'><strong>quod</strong></span> <span class='ocrx_word' id='word_1_35' title='bbox 654 983 722 1050; x_wconf 82' lang='lat' dir='ltr'><strong>dixi</strong></span> <span class='ocrx_word' id='word_1_36' title='bbox 737 1005 838 1072; x_wconf 84' lang='lat' dir='ltr'><strong>saepe</strong></span> <span class='ocrx_word' id='word_1_37' title='bbox 853 1005 987 1070; x_wconf 92' lang='lat' dir='ltr'><strong>quoque</strong></span> <span class='ocrx_word' id='word_1_38' title='bbox 1002 991 1094 1060; x_wconf 86' lang='lat' dir='ltr'><strong>ante,</strong></span> 
     </span>
     <span class='ocr_line' id='line_1_7' title="bbox 58 1097 920 1184; baseline 0.008 -28"><span class='ocrx_word' id='word_1_39' title='bbox 58 1114 95 1158; x_wconf 69' lang='lat' dir='ltr'><strong>:to</strong></span> <span class='ocrx_word' id='word_1_40' title='bbox 117 1099 152 1160; x_wconf 89' lang='lat' dir='ltr'><strong>in</strong></span> <span class='ocrx_word' id='word_1_41' title='bbox 170 1105 274 1162; x_wconf 82' lang='lat' dir='ltr'><strong>terra</strong></span> <span class='ocrx_word' id='word_1_42' title='bbox 289 1098 449 1182; x_wconf 84' lang='lat' dir='ltr'><strong>cuiusque</strong></span> <span class='ocrx_word' id='word_1_43' title='bbox 463 1097 555 1162; x_wconf 87' lang='lat' dir='ltr'><strong>modi</strong></span> <span class='ocrx_word' id='word_1_44' title='bbox 568 1119 676 1162; x_wconf 85' lang='lat' dir='ltr'><strong>rerum</strong></span> <span class='ocrx_word' id='word_1_45' title='bbox 692 1120 765 1163; x_wconf 86' lang='lat' dir='ltr'><strong>esse</strong></span> <span class='ocrx_word' id='word_1_46' title='bbox 778 1099 920 1184; x_wconf 84' lang='lat' dir='ltr'><strong>figuras3</strong></span> 
     </span>
     <span class='ocr_line' id='line_1_8' title="bbox 117 1211 1035 1298; baseline 0.002 -24"><span class='ocrx_word' id='word_1_47' title='bbox 117 1212 253 1286; x_wconf 82' lang='lat' dir='ltr'><strong>multa,</strong></span> <span class='ocrx_word' id='word_1_48' title='bbox 265 1211 338 1276; x_wconf 91' lang='lat' dir='ltr'><strong>cibo</strong></span> <span class='ocrx_word' id='word_1_49' title='bbox 355 1231 441 1298; x_wconf 84' lang='lat' dir='ltr'><strong>quae</strong></span> <span class='ocrx_word' id='word_1_50' title='bbox 456 1219 550 1290; x_wconf 83' lang='lat' dir='ltr'><strong>sunt,</strong></span> <span class='ocrx_word' id='word_1_51' title='bbox 561 1213 690 1289; x_wconf 82' lang='lat' dir='ltr'><strong>vitalia,</strong></span> <span class='ocrx_word' id='word_1_52' title='bbox 703 1213 889 1297; x_wconf 84' lang='lat' dir='ltr'><strong>multaque,</strong></span> <span class='ocrx_word' id='word_1_53' title='bbox 900 1212 1035 1276; x_wconf 87' lang='lat' dir='ltr'><strong>morbos</strong></span> 
     </span>
     <span class='ocr_line' id='line_1_9' title="bbox 117 1326 956 1415; baseline 0 -25"><span class='ocrx_word' id='word_1_54' title='bbox 117 1329 283 1390; x_wconf 81' lang='lat' dir='ltr'><strong>incutere</strong></span> <span class='ocrx_word' id='word_1_55' title='bbox 299 1335 334 1390; x_wconf 92' lang='lat' dir='ltr'><strong>et</strong></span> <span class='ocrx_word' id='word_1_56' title='bbox 346 1336 487 1392; x_wconf 86' lang='lat' dir='ltr'><strong>mortem</strong></span> <span class='ocrx_word' id='word_1_57' title='bbox 503 1348 589 1411; x_wconf 88' lang='lat' dir='ltr'><strong>quae</strong></span> <span class='ocrx_word' id='word_1_58' title='bbox 603 1328 736 1415; x_wconf 86' lang='lat' dir='ltr'><strong>possint</strong></span> <span class='ocrx_word' id='word_1_59' title='bbox 750 1326 956 1392; x_wconf 84' lang='lat' dir='ltr'><strong>adcelerare.</strong></span> 
     </span>
     <span class='ocr_line' id='line_1_10' title="bbox 120 1440 901 1528; baseline 0.003 -24"><span class='ocrx_word' id='word_1_60' title='bbox 120 1449 155 1504; x_wconf 91' lang='lat' dir='ltr'><strong>et</strong></span> <span class='ocrx_word' id='word_1_61' title='bbox 172 1440 285 1526; x_wconf 86' lang='lat' dir='ltr'><strong>magis</strong></span> <span class='ocrx_word' id='word_1_62' title='bbox 300 1461 374 1504; x_wconf 88' lang='lat' dir='ltr'><strong>esse</strong></span> <span class='ocrx_word' id='word_1_63' title='bbox 388 1441 459 1506; x_wconf 87' lang='lat' dir='ltr'><strong>aliis</strong></span> <span class='ocrx_word' id='word_1_64' title='bbox 474 1441 554 1506; x_wconf 85' lang='lat' dir='ltr'><strong>alias</strong></span> <span class='ocrx_word' id='word_1_65' title='bbox 569 1441 790 1506; x_wconf 86' lang='lat' dir='ltr'><strong>animantibus</strong></span> <span class='ocrx_word' id='word_1_66' title='bbox 804 1450 901 1528; x_wconf 82' lang='lat' dir='ltr'><strong>aptas</strong></span> 
     </span>
     <span class='ocr_line' id='line_1_11' title="bbox 116 1553 831 1632; baseline 0 -14"><span class='ocrx_word' id='word_1_67' title='bbox 116 1577 176 1618; x_wconf 85' lang='lat' dir='ltr'><strong>ros</strong></span> <span class='ocrx_word' id='word_1_68' title='bbox 195 1553 243 1619; x_wconf 83' lang='lat' dir='ltr'><strong>ad</strong></span> <span class='ocrx_word' id='word_1_69' title='bbox 258 1555 339 1632; x_wconf 85' lang='lat' dir='ltr'><strong>vitai</strong></span> <span class='ocrx_word' id='word_1_70' title='bbox 353 1557 516 1630; x_wconf 85' lang='lat' dir='ltr'><strong>rationem</strong></span> <span class='ocrx_word' id='word_1_71' title='bbox 532 1554 739 1621; x_wconf 77' lang='lat' dir='ltr'><strong>ostendimus</strong></span> <span class='ocrx_word' id='word_1_72' title='bbox 754 1563 831 1620; x_wconf 86' lang='lat' dir='ltr'><strong>aute</strong></span> 
     </span>
     <span class='ocr_line' id='line_1_12' title="bbox 58 1667 894 1758; baseline 0.008 -32"><span class='ocrx_word' id='word_1_73' title='bbox 58 1683 96 1728; x_wconf 72' lang='lat' dir='ltr'><strong>:u</strong></span> <span class='ocrx_word' id='word_1_74' title='bbox 119 1677 273 1758; x_wconf 85' lang='lat' dir='ltr'><strong>propter</strong></span> <span class='ocrx_word' id='word_1_75' title='bbox 288 1667 477 1733; x_wconf 88' lang='lat' dir='ltr'><strong>dissimilem</strong></span> <span class='ocrx_word' id='word_1_76' title='bbox 492 1678 643 1734; x_wconf 87' lang='lat' dir='ltr'><strong>naturam</strong></span> <span class='ocrx_word' id='word_1_77' title='bbox 660 1669 894 1756; x_wconf 89' lang='lat' dir='ltr'><strong>dissimilisque</strong></span> 
     </span>
     <span class='ocr_line' id='line_1_13' title="bbox 118 1783 830 1870; baseline 0.001 -24"><span class='ocrx_word' id='word_1_78' title='bbox 118 1791 282 1848; x_wconf 87' lang='lat' dir='ltr'><strong>texturas</strong></span> <span class='ocrx_word' id='word_1_79' title='bbox 296 1785 383 1848; x_wconf 88' lang='lat' dir='ltr'><strong>inter</strong></span> <span class='ocrx_word' id='word_1_80' title='bbox 398 1803 472 1847; x_wconf 90' lang='lat' dir='ltr'><strong>sese</strong></span> <span class='ocrx_word' id='word_1_81' title='bbox 487 1783 677 1869; x_wconf 87' lang='lat' dir='ltr'><strong>primasque</strong></span> <span class='ocrx_word' id='word_1_82' title='bbox 691 1784 830 1870; x_wconf 86' lang='lat' dir='ltr'><strong>figures.</strong></span> 
     </span>
     <span class='ocr_line' id='line_1_14' title="bbox 119 1897 998 1984; baseline 0.002 -24"><span class='ocrx_word' id='word_1_83' title='bbox 119 1898 234 1961; x_wconf 83' lang='lat' dir='ltr'><strong>multe</strong></span> <span class='ocrx_word' id='word_1_84' title='bbox 249 1905 360 1962; x_wconf 82' lang='lat' dir='ltr'><strong>meent</strong></span> <span class='ocrx_word' id='word_1_85' title='bbox 373 1897 504 1962; x_wconf 87' lang='lat' dir='ltr'><strong>inimica</strong></span> <span class='ocrx_word' id='word_1_86' title='bbox 519 1920 580 1984; x_wconf 89' lang='lat' dir='ltr'><strong>per</strong></span> <span class='ocrx_word' id='word_1_87' title='bbox 596 1898 684 1962; x_wconf 82' lang='lat' dir='ltr'><strong>auris</strong></span> <span class='ocrx_word' id='word_1_88' title='bbox 694 1945 702 1974; x_wconf 91' lang='lat'><strong>‚</strong></span> <span class='ocrx_word' id='word_1_89' title='bbox 713 1899 818 1962; x_wconf 88' lang='lat' dir='ltr'><strong>multa</strong></span> <span class='ocrx_word' id='word_1_90' title='bbox 831 1909 893 1983; x_wconf 83' lang='lat' dir='ltr'><strong>per</strong></span> <span class='ocrx_word' id='word_1_91' title='bbox 908 1899 998 1982; x_wconf 86' lang='lat' dir='ltr'><strong>ipsas</strong></span> 
     </span>
     <span class='ocr_line' id='line_1_15' title="bbox 119 2011 970 2098; baseline 0.007 -24"><span class='ocrx_word' id='word_1_92' title='bbox 119 2011 300 2075; x_wconf 87' lang='lat' dir='ltr'><strong>insinuant</strong></span> <span class='ocrx_word' id='word_1_93' title='bbox 313 2012 403 2076; x_wconf 85' lang='lat' dir='ltr'><strong>neris</strong></span> <span class='ocrx_word' id='word_1_94' title='bbox 417 2011 540 2077; x_wconf 86' lang='lat' dir='ltr'><strong>infesta</strong></span> <span class='ocrx_word' id='word_1_95' title='bbox 554 2021 654 2097; x_wconf 90' lang='lat' dir='ltr'><strong>atque</strong></span> <span class='ocrx_word' id='word_1_96' title='bbox 670 2033 790 2098; x_wconf 88' lang='lat' dir='ltr'><strong>aspera</strong></span> <span class='ocrx_word' id='word_1_97' title='bbox 804 2011 944 2086; x_wconf 85' lang='lat' dir='ltr'><strong>adactu,</strong></span> <span class='ocrx_word' id='word_1_98' title='bbox 968 2073 970 2080; x_wconf 17' lang='grc' dir='ltr'><em>Α</em></span> 
     </span>
     <span class='ocr_line' id='line_1_16' title="bbox 119 2126 1041 2214; baseline -0.002 -26"><span class='ocrx_word' id='word_1_99' title='bbox 119 2147 187 2190; x_wconf 90' lang='lat' dir='ltr'><strong>nec</strong></span> <span class='ocrx_word' id='word_1_100' title='bbox 205 2133 285 2190; x_wconf 90' lang='lat' dir='ltr'><strong>suut</strong></span> <span class='ocrx_word' id='word_1_101' title='bbox 298 2126 400 2190; x_wconf 85' lang='lat' dir='ltr'><strong>multa</strong></span> <span class='ocrx_word' id='word_1_102' title='bbox 414 2147 531 2214; x_wconf 82' lang='lat' dir='ltr'><strong>parum</strong></span> <span class='ocrx_word' id='word_1_103' title='bbox 547 2133 639 2190; x_wconf 85' lang='lat' dir='ltr'><strong>tectu</strong></span> <span class='ocrx_word' id='word_1_104' title='bbox 654 2126 792 2190; x_wconf 84' lang='lat' dir='ltr'><strong>vitanda</strong></span> <span class='ocrx_word' id='word_1_105' title='bbox 804 2145 916 2208; x_wconf 86' lang='lat' dir='ltr'><strong>neque</strong></span> <span class='ocrx_word' id='word_1_106' title='bbox 930 2130 1041 2187; x_wconf 87' lang='lat' dir='ltr'><strong>eutem</strong></span> 
     </span>
     <span class='ocr_line' id='line_1_17' title="bbox 61 2237 968 2326; baseline -0.001 -26"><span class='ocrx_word' id='word_1_107' title='bbox 61 2253 101 2300; x_wconf 72' lang='grc'><strong>710</strong></span> <span class='ocrx_word' id='word_1_108' title='bbox 122 2247 270 2326; x_wconf 89' lang='lat' dir='ltr'><strong>aspectu</strong></span> <span class='ocrx_word' id='word_1_109' title='bbox 284 2237 443 2326; x_wconf 85' lang='lat' dir='ltr'><strong>fugienda</strong></span> <span class='ocrx_word' id='word_1_110' title='bbox 458 2259 647 2325; x_wconf 81' lang='lat' dir='ltr'><strong>saporeque</strong></span> <span class='ocrx_word' id='word_1_111' title='bbox 662 2240 771 2304; x_wconf 83' lang='lat' dir='ltr'><strong>tristia</strong></span> <span class='ocrx_word' id='word_1_112' title='bbox 786 2259 872 2324; x_wconf 87' lang='lat' dir='ltr'><strong>quae</strong></span> <span class='ocrx_word' id='word_1_113' title='bbox 886 2237 968 2300; x_wconf 88' lang='lat' dir='ltr'><strong>sint.</strong></span> 
     </span>
     <span class='ocr_line' id='line_1_18' title="bbox 163 2349 1063 2438; baseline -0.004 -20"><span class='ocrx_word' id='word_1_114' title='bbox 163 2353 300 2418; x_wconf 89' lang='lat' dir='ltr'><strong>Deinde</strong></span> <span class='ocrx_word' id='word_1_115' title='bbox 315 2353 430 2417; x_wconf 90' lang='lat' dir='ltr'><strong>videre</strong></span> <span class='ocrx_word' id='word_1_116' title='bbox 445 2353 524 2434; x_wconf 79' lang='lat' dir='ltr'><strong>licet</strong></span> <span class='ocrx_word' id='word_1_117' title='bbox 538 2375 637 2438; x_wconf 85' lang='lat' dir='ltr'><strong>quem</strong></span> <span class='ocrx_word' id='word_1_118' title='bbox 652 2353 773 2416; x_wconf 84' lang='lat' dir='ltr'><strong>multae</strong></span> <span class='ocrx_word' id='word_1_119' title='bbox 783 2353 856 2416; x_wconf 89' lang='lat' dir='ltr'><strong>sint</strong></span> <span class='ocrx_word' id='word_1_120' title='bbox 869 2349 994 2414; x_wconf 90' lang='lat' dir='ltr'><strong>homini</strong></span> <span class='ocrx_word' id='word_1_121' title='bbox 1009 2371 1063 2414; x_wconf 91' lang='lat' dir='ltr'><strong>res</strong></span> 
     </span>
     <span class='ocr_line' id='line_1_19' title="bbox 123 2466 944 2554; baseline 0 -25"><span class='ocrx_word' id='word_1_122' title='bbox 123 2469 251 2533; x_wconf 85' lang='lat' dir='ltr'><strong>acriter</strong></span> <span class='ocrx_word' id='word_1_123' title='bbox 265 2466 385 2532; x_wconf 84' lang='lat' dir='ltr'><strong>infesto</strong></span> <span class='ocrx_word' id='word_1_124' title='bbox 401 2488 500 2531; x_wconf 86' lang='lat' dir='ltr'><strong>sensu</strong></span> <span class='ocrx_word' id='word_1_125' title='bbox 516 2489 725 2554; x_wconf 84' lang='lat' dir='ltr'><strong>spurce-eque</strong></span> <span class='ocrx_word' id='word_1_126' title='bbox 739 2487 944 2554; x_wconf 83' lang='lat' dir='ltr'><strong>gravesque;</strong></span> 
     </span>
    </p>
   </div>
   <div class='ocr_carea' id='block_1_3' title="bbox 66 2580 973 3104">
    <p class='ocr_par' dir='ltr' id='par_1_3' title="bbox 66 2580 973 3104">
     <span class='ocr_line' id='line_1_20' title="bbox 123 2580 973 2669; baseline 0.001 -26"><span class='ocrx_word' id='word_1_127' title='bbox 123 2580 304 2646; x_wconf 79' lang='lat' dir='ltr'><strong>arboribus</strong></span> <span class='ocrx_word' id='word_1_128' title='bbox 319 2582 459 2667; x_wconf 90' lang='lat' dir='ltr'><strong>primum</strong></span> <span class='ocrx_word' id='word_1_129' title='bbox 475 2583 574 2646; x_wconf 89' lang='lat' dir='ltr'><strong>certis</strong></span> <span class='ocrx_word' id='word_1_130' title='bbox 589 2583 701 2669; x_wconf 84' lang='lat' dir='ltr'><strong>gravis</strong></span> <span class='ocrx_word' id='word_1_131' title='bbox 715 2583 833 2646; x_wconf 84' lang='lat' dir='ltr'><strong>umbre</strong></span> <span class='ocrx_word' id='word_1_132' title='bbox 846 2582 973 2646; x_wconf 84' lang='lat' dir='ltr'><strong>tributa</strong></span> 
     </span>
     <span class='ocr_line' id='line_1_21' title="bbox 123 2695 956 2784; baseline 0.002 -27"><span class='ocrx_word' id='word_1_133' title='bbox 123 2717 236 2782; x_wconf 87' lang='lat' dir='ltr'><strong>usque</strong></span> <span class='ocrx_word' id='word_1_134' title='bbox 251 2695 355 2772; x_wconf 87' lang='lat' dir='ltr'><strong>adeo,</strong></span> <span class='ocrx_word' id='word_1_135' title='bbox 366 2697 483 2782; x_wconf 84' lang='lat' dir='ltr'><strong>capitis</strong></span> <span class='ocrx_word' id='word_1_136' title='bbox 499 2697 622 2762; x_wconf 83' lang='lat' dir='ltr'><strong>facient</strong></span> <span class='ocrx_word' id='word_1_137' title='bbox 635 2705 672 2762; x_wconf 89' lang='lat' dir='ltr'><strong>ut</strong></span> <span class='ocrx_word' id='word_1_138' title='bbox 687 2719 787 2784; x_wconf 84' lang='lat' dir='ltr'><strong>saepe</strong></span> <span class='ocrx_word' id='word_1_139' title='bbox 804 2695 956 2772; x_wconf 86' lang='lat' dir='ltr'><strong>dolores,</strong></span> 
     </span>
     <span class='ocr_line' id='line_1_22' title="bbox 66 2809 949 2898; baseline 0.011 -36"><span class='ocrx_word' id='word_1_140' title='bbox 66 2819 104 2866; x_wconf 73' lang='lat' dir='ltr'><strong>:ss</strong></span> <span class='ocrx_word' id='word_1_141' title='bbox 125 2809 233 2896; x_wconf 88' lang='lat' dir='ltr'><strong>siquis</strong></span> <span class='ocrx_word' id='word_1_142' title='bbox 250 2832 305 2875; x_wconf 88' lang='lat' dir='ltr'><strong>eas</strong></span> <span class='ocrx_word' id='word_1_143' title='bbox 320 2819 436 2896; x_wconf 85' lang='lat' dir='ltr'><strong>supter</strong></span> <span class='ocrx_word' id='word_1_144' title='bbox 450 2811 552 2875; x_wconf 84' lang='lat' dir='ltr'><strong>iacuit</strong></span> <span class='ocrx_word' id='word_1_145' title='bbox 567 2820 759 2898; x_wconf 85' lang='lat' dir='ltr'><strong>prostratus</strong></span> <span class='ocrx_word' id='word_1_146' title='bbox 773 2811 806 2874; x_wconf 91' lang='lat' dir='ltr'><strong>in</strong></span> <span class='ocrx_word' id='word_1_147' title='bbox 820 2811 949 2874; x_wconf 88' lang='lat' dir='ltr'><strong>herbis.</strong></span> 
     </span>
     <span class='ocr_line' id='line_1_23' title="bbox 127 2925 923 3010; baseline -0.001 -24"><span class='ocrx_word' id='word_1_148' title='bbox 127 2935 181 2989; x_wconf 91' lang='lat' dir='ltr'><strong>est</strong></span> <span class='ocrx_word' id='word_1_149' title='bbox 196 2926 294 2990; x_wconf 86' lang='lat' dir='ltr'><strong>etiam</strong></span> <span class='ocrx_word' id='word_1_150' title='bbox 308 2925 436 3010; x_wconf 84' lang='lat' dir='ltr'><strong>magnis</strong></span> <span class='ocrx_word' id='word_1_151' title='bbox 451 2925 623 2989; x_wconf 89' lang='lat' dir='ltr'><strong>Heliconis</strong></span> <span class='ocrx_word' id='word_1_152' title='bbox 637 2925 806 2988; x_wconf 90' lang='lat' dir='ltr'><strong>montibus</strong></span> <span class='ocrx_word' id='word_1_153' title='bbox 822 2925 923 2988; x_wconf 84' lang='lat' dir='ltr'><strong>arbos</strong></span> 
     </span>
     <span class='ocr_line' id='line_1_24' title="bbox 126 3037 972 3104; baseline -0.005 -3"><span class='ocrx_word' id='word_1_154' title='bbox 126 3037 221 3103; x_wconf 82' lang='lat' dir='ltr'><strong>floris</strong></span> <span class='ocrx_word' id='word_1_155' title='bbox 236 3038 342 3103; x_wconf 91' lang='lat' dir='ltr'><strong>odore</strong></span> <span class='ocrx_word' id='word_1_156' title='bbox 356 3039 523 3104; x_wconf 89' lang='lat' dir='ltr'><strong>hominem</strong></span> <span class='ocrx_word' id='word_1_157' title='bbox 537 3045 646 3104; x_wconf 84' lang='lat' dir='ltr'><strong>taetro</strong></span> <span class='ocrx_word' id='word_1_158' title='bbox 663 3044 823 3102; x_wconf 88' lang='lat' dir='ltr'><strong>consueta</strong></span> <span class='ocrx_word' id='word_1_159' title='bbox 837 3057 972 3100; x_wconf 87' lang='lat' dir='ltr'><strong>necare.</strong></span> 
     </span>
    </p>
   </div>
   <div class='ocr_carea' id='block_1_4' title="bbox 68 3152 1007 4042">
    <p class='ocr_par' dir='ltr' id='par_1_4' title="bbox 68 3152 1007 4042">
     <span class='ocr_line' id='line_1_25' title="bbox 127 3152 913 3237; baseline 0 -23"><span class='ocrx_word' id='word_1_160' title='bbox 127 3154 274 3229; x_wconf 87' lang='lat' dir='ltr'><strong>scilicet,</strong></span> <span class='ocrx_word' id='word_1_161' title='bbox 284 3153 369 3218; x_wconf 85' lang='lat' dir='ltr'><strong>haec</strong></span> <span class='ocrx_word' id='word_1_162' title='bbox 383 3153 460 3218; x_wconf 89' lang='lat' dir='ltr'><strong>ideo</strong></span> <span class='ocrx_word' id='word_1_163' title='bbox 476 3152 575 3216; x_wconf 89' lang='lat' dir='ltr'><strong>terris</strong></span> <span class='ocrx_word' id='word_1_164' title='bbox 589 3173 632 3216; x_wconf 87' lang='lat' dir='ltr'><strong>ex</strong></span> <span class='ocrx_word' id='word_1_165' title='bbox 647 3152 756 3216; x_wconf 84' lang='lat' dir='ltr'><strong>omnia</strong></span> <span class='ocrx_word' id='word_1_166' title='bbox 771 3158 913 3237; x_wconf 84' lang='lat' dir='ltr'><strong>surgunt</strong></span> 
     </span>
     <span class='ocr_line' id='line_1_26' title="bbox 128 3267 950 3340; baseline -0.001 -10"><span class='ocrx_word' id='word_1_167' title='bbox 128 3268 233 3332; x_wconf 87' lang='lat' dir='ltr'><strong>multa</strong></span> <span class='ocrx_word' id='word_1_168' title='bbox 246 3267 354 3331; x_wconf 90' lang='lat' dir='ltr'><strong>modis</strong></span> <span class='ocrx_word' id='word_1_169' title='bbox 369 3269 480 3334; x_wconf 89' lang='lat' dir='ltr'><strong>multis</strong></span> <span class='ocrx_word' id='word_1_170' title='bbox 493 3267 672 3332; x_wconf 82' lang='lat' dir='ltr'><strong>multarum</strong></span> <span class='ocrx_word' id='word_1_171' title='bbox 686 3267 811 3331; x_wconf 88' lang='lat' dir='ltr'><strong>semina</strong></span> <span class='ocrx_word' id='word_1_172' title='bbox 823 3287 950 3340; x_wconf 88' lang='lat' dir='ltr'><strong>rerum,</strong></span> 
     </span>
     <span class='ocr_line' id='line_1_27' title="bbox 68 3378 981 3468; baseline -0.004 -22"><span class='ocrx_word' id='word_1_173' title='bbox 68 3389 108 3439; x_wconf 74' lang='grc'><strong>710</strong></span> <span class='ocrx_word' id='word_1_174' title='bbox 129 3381 225 3466; x_wconf 91' lang='lat' dir='ltr'><strong>quod</strong></span> <span class='ocrx_word' id='word_1_175' title='bbox 238 3383 404 3468; x_wconf 86' lang='lat' dir='ltr'><strong>permixta</strong></span> <span class='ocrx_word' id='word_1_176' title='bbox 417 3383 504 3468; x_wconf 85' lang='lat' dir='ltr'><strong>gerit</strong></span> <span class='ocrx_word' id='word_1_177' title='bbox 517 3383 616 3448; x_wconf 84' lang='lat' dir='ltr'><strong>tellu&#39;s</strong></span> <span class='ocrx_word' id='word_1_178' title='bbox 632 3381 846 3467; x_wconf 89' lang='lat' dir='ltr'><strong>discretaque</strong></span> <span class='ocrx_word' id='word_1_179' title='bbox 860 3378 981 3444; x_wconf 87' lang='lat' dir='ltr'><strong>tradit.</strong></span> 
     </span>
     <span class='ocr_line' id='line_1_28' title="bbox 129 3493 1007 3584; baseline -0.003 -25"><span class='ocrx_word' id='word_1_180' title='bbox 129 3505 400 3584; x_wconf 87' lang='lat' dir='ltr'><strong>nocturnumque</strong></span> <span class='ocrx_word' id='word_1_181' title='bbox 413 3519 531 3562; x_wconf 89' lang='lat' dir='ltr'><strong>recens</strong></span> <span class='ocrx_word' id='word_1_182' title='bbox 546 3498 729 3562; x_wconf 86' lang='lat' dir='ltr'><strong>extinctum</strong></span> <span class='ocrx_word' id='word_1_183' title='bbox 743 3498 852 3561; x_wconf 88' lang='lat' dir='ltr'><strong>lumen</strong></span> <span class='ocrx_word' id='word_1_184' title='bbox 867 3494 923 3560; x_wconf 89' lang='lat' dir='ltr'><strong>ubi</strong></span> <span class='ocrx_word' id='word_1_185' title='bbox 939 3493 1007 3558; x_wconf 85' lang='lat' dir='ltr'><strong>acri</strong></span> 
     </span>
     <span class='ocr_line' id='line_1_29' title="bbox 130 3610 850 3697; baseline 0.003 -24"><span class='ocrx_word' id='word_1_186' title='bbox 130 3611 249 3676; x_wconf 89' lang='lat' dir='ltr'><strong>nidore</strong></span> <span class='ocrx_word' id='word_1_187' title='bbox 264 3610 403 3676; x_wconf 87' lang='lat' dir='ltr'><strong>offendit</strong></span> <span class='ocrx_word' id='word_1_188' title='bbox 416 3631 532 3686; x_wconf 86' lang='lat' dir='ltr'><strong>nares,</strong></span> <span class='ocrx_word' id='word_1_189' title='bbox 545 3611 700 3697; x_wconf 86' lang='lat' dir='ltr'><strong>consopit</strong></span> <span class='ocrx_word' id='word_1_190' title='bbox 713 3610 850 3675; x_wconf 88' lang='lat' dir='ltr'><strong>ibidem.</strong></span> 
     </span>
     <span class='ocr_line' id='line_1_30' title="bbox 70 3725 911 3812; baseline 0.004 -28"><span class='ocrx_word' id='word_1_191' title='bbox 70 3733 110 3784; x_wconf 80' lang='grc'><strong>771</strong></span> <span class='ocrx_word' id='word_1_192' title='bbox 132 3733 357 3812; x_wconf 86' lang='lat' dir='ltr'><strong>castoreoque</strong></span> <span class='ocrx_word' id='word_1_193' title='bbox 371 3726 466 3812; x_wconf 82' lang='lat' dir='ltr'><strong>gravi</strong></span> <span class='ocrx_word' id='word_1_194' title='bbox 480 3725 596 3790; x_wconf 89' lang='lat' dir='ltr'><strong>mulier</strong></span> <span class='ocrx_word' id='word_1_195' title='bbox 610 3726 721 3810; x_wconf 86' lang='lat' dir='ltr'><strong>sopita</strong></span> <span class='ocrx_word' id='word_1_196' title='bbox 734 3725 911 3799; x_wconf 84' lang='lat' dir='ltr'><strong>recumbit,</strong></span> 
     </span>
     <span class='ocr_line' id='line_1_31' title="bbox 132 3839 908 3925; baseline 0 -23"><span class='ocrx_word' id='word_1_197' title='bbox 132 3849 165 3905; x_wconf 94' lang='lat' dir='ltr'><strong>et</strong></span> <span class='ocrx_word' id='word_1_198' title='bbox 180 3841 332 3905; x_wconf 86' lang='lat' dir='ltr'><strong>manibus</strong></span> <span class='ocrx_word' id='word_1_199' title='bbox 347 3839 489 3904; x_wconf 87' lang='lat' dir='ltr'><strong>nitidum</strong></span> <span class='ocrx_word' id='word_1_200' title='bbox 504 3840 626 3904; x_wconf 90' lang='lat' dir='ltr'><strong>teneris</strong></span> <span class='ocrx_word' id='word_1_201' title='bbox 643 3862 728 3925; x_wconf 88' lang='lat' dir='ltr'><strong>opus</strong></span> <span class='ocrx_word' id='word_1_202' title='bbox 745 3840 848 3904; x_wconf 86' lang='lat' dir='ltr'><strong>effluit</strong></span> <span class='ocrx_word' id='word_1_203' title='bbox 864 3839 908 3912; x_wconf 85' lang='lat' dir='ltr'><strong>ei,</strong></span> 
     </span>
     <span class='ocr_line' id='line_1_32' title="bbox 133 3945 970 4042; baseline -0.005 -24"><span class='ocrx_word' id='word_1_204' title='bbox 133 3962 285 4042; x_wconf 86' lang='lat' dir='ltr'><strong>tempore</strong></span> <span class='ocrx_word' id='word_1_205' title='bbox 300 3945 383 4020; x_wconf 72' lang='lat' dir='ltr'><strong>eo&#39;si</strong></span> <span class='ocrx_word' id='word_1_206' title='bbox 399 3954 574 4020; x_wconf 78' lang='lat' dir='ltr'><strong>odoratast</strong></span> <span class='ocrx_word' id='word_1_207' title='bbox 589 3977 655 4041; x_wconf 87' lang='lat' dir='ltr'><strong>quo</strong></span> <span class='ocrx_word' id='word_1_208' title='bbox 670 3961 841 4018; x_wconf 85' lang='lat' dir='ltr'><strong>menstrua</strong></span> <span class='ocrx_word' id='word_1_209' title='bbox 856 3951 970 4017; x_wconf 86' lang='lat' dir='ltr'><strong>solvit.</strong></span> 
     </span>
    </p>
   </div>
   <div class='ocr_carea' id='block_1_5' title="bbox 134 4140 336 4148">
    <p class='ocr_par' dir='ltr' id='par_1_5' title="bbox 134 4140 336 4148">
     <span class='ocr_line' id='line_1_33' title="bbox 134 4140 336 4148; baseline 0.01 -2"><span class='ocrx_word' id='word_1_210' title='bbox 134 4140 336 4148; x_wconf 71' lang='lat'><strong>-——-—--</strong></span> 
     </span>
    </p>
   </div>
   <div class='ocr_carea' id='block_1_6' title="bbox 136 4229 1263 4388">
    <p class='ocr_par' dir='ltr' id='par_1_6' title="bbox 136 4229 1263 4388">
     <span class='ocr_line' id='line_1_34' title="bbox 136 4229 1263 4307; baseline -0.006 -20"><span class='ocrx_word' id='word_1_211' title='bbox 136 4241 184 4288; x_wconf 85' lang='grc'><strong>787</strong></span> <span class='ocrx_word' id='word_1_212' title='bbox 209 4251 273 4289; x_wconf 77' lang='lat' dir='ltr'><strong>vere</strong></span> <span class='ocrx_word' id='word_1_213' title='bbox 295 4235 306 4306; x_wconf 77' lang='lat' dir='ltr'><strong>{l</strong></span> <span class='ocrx_word' id='word_1_214' title='bbox 329 4243 378 4291; x_wconf 86' lang='grc'><strong>770</strong></span> <span class='ocrx_word' id='word_1_215' title='bbox 403 4236 529 4307; x_wconf 80' lang='lat' dir='ltr'><strong>cuiusque</strong></span> <span class='ocrx_word' id='word_1_216' title='bbox 553 4237 563 4305; x_wconf 75' lang='grc' dir='ltr'><strong>Η</strong></span> <span class='ocrx_word' id='word_1_217' title='bbox 588 4241 636 4288; x_wconf 88' lang='grc'><strong>771</strong></span> <span class='ocrx_word' id='word_1_218' title='bbox 666 4251 733 4305; x_wconf 88' lang='lat' dir='ltr'><strong>eque</strong></span> <span class='ocrx_word' id='word_1_219' title='bbox 756 4235 766 4304; x_wconf 80' lang='grc' dir='ltr'><strong>ΙΙ</strong></span> <span class='ocrx_word' id='word_1_220' title='bbox 792 4240 840 4287; x_wconf 94' lang='grc'><strong>777</strong></span> <span class='ocrx_word' id='word_1_221' title='bbox 864 4250 941 4286; x_wconf 84' lang='lat' dir='ltr'><strong>aures</strong></span> <span class='ocrx_word' id='word_1_222' title='bbox 964 4235 974 4302; x_wconf 74' lang='grc' dir='ltr'><strong>ΙΙ</strong></span> <span class='ocrx_word' id='word_1_223' title='bbox 997 4238 1047 4286; x_wconf 96' lang='grc'><strong>778</strong></span> <span class='ocrx_word' id='word_1_224' title='bbox 1071 4237 1155 4284; x_wconf 86' lang='lat' dir='ltr'><strong>tactu.</strong></span> <span class='ocrx_word' id='word_1_225' title='bbox 1180 4229 1190 4296; x_wconf 73' lang='grc'><strong>11</strong></span> <span class='ocrx_word' id='word_1_226' title='bbox 1214 4234 1263 4281; x_wconf 85' lang='grc'><strong>787)</strong></span> 
     </span>
     <span class='ocr_line' id='line_1_35' title="bbox 137 4317 925 4388; baseline 0.004 -18"><span class='ocrx_word' id='word_1_227' title='bbox 137 4318 273 4388; x_wconf 74' lang='grc'><strong>1111111011</strong></span> <span class='ocrx_word' id='word_1_228' title='bbox 292 4325 340 4374; x_wconf 89' lang='grc'><strong>787</strong></span> <span class='ocrx_word' id='word_1_229' title='bbox 359 4327 465 4373; x_wconf 84' lang='lat' dir='ltr'><strong>natare.</strong></span> <span class='ocrx_word' id='word_1_230' title='bbox 485 4317 756 4388; x_wconf 72' lang='grc'><strong>11788111100111111</strong></span> <span class='ocrx_word' id='word_1_231' title='bbox 775 4323 822 4372; x_wconf 89' lang='grc'><strong>791</strong></span> <span class='ocrx_word' id='word_1_232' title='bbox 843 4318 925 4373; x_wconf 86' lang='lat' dir='ltr'><strong>aeris.</strong></span> 
     </span>
    </p>
   </div>
   <div class='ocr_carea' id='block_1_7' title="bbox 0 0 1539 5204">
    <p class='ocr_par' dir='ltr' id='par_1_7' title="bbox 0 0 1539 5204">
     <span class='ocr_line' id='line_1_36' title="bbox 0 0 1539 5204; baseline 0 0"><span class='ocrx_word' id='word_1_233' title='bbox 0 0 1539 5204; x_wconf 95' lang='lat' dir='ltr'><strong> </strong></span> 
     </span>
    </p>
   </div>
  </div>
 </body>
</html>
