3034 5204
246 356 316 424 216
784 357 834 426 Vl

219 619 223 627 Ι
243 531 369 595 semina
382 540 587 598 concurrunt
601 531 700 597 calidi
713 532 852 620 fulgoris
867 530 911 611 ad
926 532 1041 598 ictum.

173 699 176 702 .
244 647 292 711 sic
307 646 407 732 igitur
423 668 558 734 quoque
573 669 627 711 res
643 646 781 712 accendi
795 647 930 711 fulmine
945 646 1062 721 debet,

244 769 435 847 opportuna
449 761 511 826 fuit
524 763 552 826 si
566 761 654 828 forte
670 770 704 826 et
717 762 840 827 idonea
853 761 1004 826 flammis.

244 895 307 940 nec
321 883 445 940 temere
459 878 591 941 omnino
607 878 705 964 plane
720 879 770 941 vis
784 876 905 963 frigida
919 877 1012 941 venti

173 1007 221 1055 320
244 1011 318 1054 csse
332 999 463 1077 potest,
475 1013 515 1056 ea
529 1013 616 1078 quae
632 999 727 1057 tanta
741 991 773 1056 vi
787 993 889 1057 missa
902 997 1094 1080 supermeat,

246 1107 325 1192 quin
335 1155 342 1182 ‚
353 1107 446 1192 prius
460 1107 494 1170 in
510 1129 610 1171 cursu
625 1105 735 1171 sinon
750 1106 944 1172 accenditur
956 1107 1039 1192 igni,

245 1229 280 1284 at
294 1221 462 1308 tepefacta
476 1229 588 1286 tamen
601 1223 714 1286 veniat
728 1221 905 1287 commixta
920 1221 1046 1285 calore.

287 1333 457 1401 Mobilitas
472 1345 582 1401 autem
596 1336 633 1401 fit
648 1335 791 1402 fulminis
807 1345 840 1400 et
854 1335 964 1422 gravis
979 1336 1082 1411 ictus,

247 1461 281 1515 30
295 1451 395 1516 celeri
409 1451 512 1515 ferme
527 1460 728 1539 percurrunt
741 1452 877 1515 fulmina
890 1450 1002 1536 lapsu,

173 1583 222 1629 323
245 1567 387 1631 nubibus
401 1568 475 1652 ipsa
490 1565 584 1652 quod
599 1567 732 1631 omnino
746 1566 839 1650 prius
853 1565 955 1629 incita
970 1566 1072 1629 sevis

246 1680 371 1766 colligit
385 1688 419 1745 ct
433 1702 587 1766 magnum
602 1702 763 1746 conamen
778 1681 879 1744 sumit
892 1679 1006 1754 eundi,

245 1793 325 1859 inde
339 1796 396 1859 ubi
410 1818 477 1860 non
494 1797 604 1883 potuit
618 1797 725 1860 nubes
740 1816 861 1882 capere
874 1795 997 1881 inpetis
1012 1803 1161 1866 auctum,

247 1909 442 1996 exprimitur
456 1912 506 1975 vis
522 1919 623 1996 atque
637 1909 713 1975 ideo
730 1911 824 1974 volat
837 1911 958 1994 impete
974 1910 1073 1985 miro,

247 2033 284 2089 ut
298 2025 416 2090 validis
433 2047 518 2111 quae
533 2025 576 2089 de
591 2027 765 2092 tormentis
780 2025 882 2090 missa
894 2024 1067 2088 feruntur.

176 2155 224 2204 330
245 2137 335 2203 adde
349 2139 442 2225 qu'od
459 2162 476 2204 e
491 2123 610 2227 parvis*
620 2150 654 2207 et
667 2141 796 2208 levibus
813 2148 864 2204 est
879 2139 1064 2211 elementia,

246 2275 309 2319 nec
323 2254 453 2321 facilest
468 2256 525 2321 tali
541 2245 679 2321 naturae
694 2255 859 2342 apsistere
875 2253 1067 2342 quicquam:

248 2371 333 2434 inter
350 2373 434 2435 enim
449 2371 534 2458 fugit
548 2394 587 2436 ac
602 2378 758 2457 penetrat
772 2392 833 2457 per
847 2392 923 2436 rara
937 2370 1081 2444 viarum,

247 2507 315 2549 non
330 2485 430 2570 igitur
444 2486 554 2549 multis
569 2485 751 2549 offensibus
765 2486 799 2548 in
813 2482 1015 2550 remorando

248 2597 408 2674 haesitat,
419 2599 506 2662 hauc
522 2599 565 2662 ob
581 2620 650 2663 rem
665 2600 764 2664 celeri
778 2599 871 2663 volat
884 2599 1008 2685 impete
1022 2598 1153 2661 labenS.

176 2729 225 2776 333
247 2710 335 2776 adde
350 2711 442 2797 quod
459 2713 592 2776 omnino
608 2721 727 2778 natura
742 2710 893 2800 pondera
909 2711 1064 2776 deorsum

249 2827 359 2893 omnia
372 2827 539 2908 nituntur,
551 2849 623 2892 cum
640 2828 771 2916 plagast
785 2825 902 2890 addita
917 2847 1014 2901 vero,

248 2943 414 3008 mobilitas
430 2940 619 3028 duplicatur
634 2951 668 3007 30
681 2943 824 3028 impetus
838 2942 893 3006 ille
908 2942 1090 3028 gravescit,

249 3067 287 3122 ut
301 3059 484 3122 vementius
500 3066 534 3122 et
548 3058 643 3122 citius
658 3079 744 3144 quae
759 3079 900 3143 cumque
916 3065 1105 3121 morantur·

249 3173 349 3238 obvia
363 3171 521 3238 discutiat
535 3173 641 3259 plagis
656 3173 820 3259 itinerque
834 3179 1009 3258 sequatur.

178 3305 226 3351 340
248 3286 392 3372 denique
409 3286 500 3373 quod
515 3287 616 3374 longo
631 3288 723 3352 venit
736 3288 859 3374 impete
870 3335 877 3363 ,
888 3306 1017 3350 sumere
1033 3283 1135 3348 debet

248 3401 462 3466 mobilitatem
479 3403 575 3466 etiam
591 3412 692 3488 atque
708 3402 804 3466 etiam
815 3450 823 3477 ‚
835 3422 921 3486 quae
937 3399 1058 3464 crescit
1073 3398 1184 3463 eundo

249 3525 283 3581 et
296 3514 424 3580 validas
440 3525 541 3602 auget
554 3517 633 3581 viris
650 3525 683 3581 ct
697 3518 837 3581 roborat
850 3516 965 3579 ictum:

248 3651 323 3694 nam
338 3629 420 3695 facit
433 3638 472 3695 ut
487 3653 573 3718 quae
588 3633 653 3696 sint
666 3630 754 3695 illius
769 3631 894 3695 semine
909 3649 1049 3714 cumque

195 3739 200 3745 ’
249 3769 267 3808 3
281 3723 417 3830 regione
431 3745 540 3809 locum
555 3747 650 3832 quasi
665 3747 697 3810 in
712 3768 814 3810 unum
827 3754 948 3810 cuncta
960 3744 1126 3820 ferantur,

177 3878 226 3924 343
249 3859 359 3924 omnia
373 3859 539 3924 coniciens
555 3861 588 3923 in
604 3882 677 3925 cum
692 3861 862 3938 volventia
877 3882 1024 3924 cursum.

251 4178 301 4225 318
319 4170 446 4224 indoneat
464 4174 474 4242 11
496 4181 546 4226 320
566 4192 597 4226 cx
617 4183 792 4244 quactantau
821 4176 831 4244 11
863 4182 910 4228 321
931 4191 1025 4227 curaris
1044 4190 1098 4225 non
1129 4172 1139 4241 11
1172 4177 1220 4223 322
1240 4171 1349 4225 colore.

251 4261 299 4307 323
318 4253 452 4308 Nobilitas
479 4256 489 4323 11
517 4261 565 4307 324
585 4259 624 4320 At
640 4261 650 4327 11
671 4267 782 4328 percunt
799 4261 810 4326 11
828 4264 876 4310 335
895 4256 1001 4311 Deinde
1018 4254 1028 4325 11
1048 4255 1168 4309 deorum.
1197 4255 1207 4326 11
1232 4259 1281 4306 336
1299 4253 1379 4325 plaga

250 4341 272 4392 si
292 4339 370 4408 11314
389 4339 524 4410 regionem
