2970 5268
278 479 347 548 112
458 463 461 470 '
817 480 863 549 111

194 675 257 721 1015
274 663 326 720 est
340 653 524 738 insignibus
538 652 907 739 insignis‚sceierisque
922 656 1035 727 100110,

275 791 389 834 career
404 779 437 832 et
451 767 618 833 horribilis
633 767 676 832 de
690 789 773 832 saxo
789 769 886 834 iactu’
901 769 1074 848 deorsum,

273 885 431 958 verbera,
444 882 633 956 carnifices,
644 884 766 957 robur,
776 883 852 968 pix,
864 884 1034 960 lammina,
1047 884 1182 962 taedam

275 1021 361 1087 qnae
376 1007 486 1063 tamen
502 997 564 1062 etsi
579 997 718 1072 absunt,
730 1005 767 1061 at
779 1019 874 1062 mens
889 999 969 1076 sibi,
981 1002 1117 1066 conscia
1130 1002 1241 1074 factis,

273 1123 507 1203 praemetuens
522 1110 661 1176 adhibet
676 1111 827 1176 stimulos
842 1123 1014 1199 terretque
1027 1114 1182 1200 flagellis,

192 1249 256 1296 1020
270 1253 333 1296 nec
348 1228 441 1295 videt
454 1229 582 1292 interea
597 1227 653 1313 qui
668 1227 828 1292 terminus
844 1249 918 1294 esse
934 1230 1094 1294 maiorum

274 1347 381 1432 possit
395 1365 458 1407 nec
474 1363 559 1428 quae
573 1343 619 1406 sit
632 1363 816 1429 poenarum
831 1341 977 1428 denique
990 1343 1079 1416 finis,

272 1469 375 1548 atque
390 1457 506 1522 eadem
520 1458 638 1522 metuit
651 1458 756 1543 magis
770 1457 855 1522 haec
870 1480 913 1521 ne
926 1459 962 1524 io
975 1469 1083 1524 morte
1098 1473 1316 1546 gravescunt.

272 1576 327 1640 hic
342 1573 527 1639 Acherusia
540 1571 579 1635 fit
592 1571 769 1637 stultorum
784 1571 929 1658 denique
943 1575 1027 1638 vita.

314 1690 390 1753 Hoc
406 1688 502 1751 etiam
518 1687 578 1750 tibi
593 1695 666 1750 tute
679 1687 766 1750 inter
781 1686 859 1751 dum
875 1687 987 1752 dicere
1001 1690 1129 1774 possis.

193 1823 256 1869 1015
269 1801 401 1870 *lumina
415 1803 461 1866 sis
476 1801 580 1865 oculis
595 1802 694 1866 etiam
708 1802 818 1866 bonus
833 1803 937 1866 Aucu’
952 1803 1102 1889 reliquit,

273 1919 329 2006 qui
343 1917 458 1982 melior
473 1915 583 1980 multis
598 1937 698 2000 quam
713 1922 751 1980 tn
763 1915 842 1991 1011,
854 1917 1022 2002 improbe,
1033 1918 1151 1983 rebus.

271 2033 349 2098 inde
364 2033 418 2097 alii
432 2031 527 2095 multi
541 2051 637 2117 reges
651 2051 830 2116 rerumque
845 2041 999 2117 potentes

272 2148 486 2222 occiderunt,
498 2145 625 2232 magnis
641 2145 698 2231 qui
711 2145 866 2230 gentibus
882 2147 1127 2233 imperitarunt.

270 2265 324 2329 ille
340 2283 474 2349 quoque
488 2262 577 2346 ipse,
589 2260 676 2325 viam
692 2261 748 2345 qui
762 2260 932 2345 quondam
947 2283 1008 2347 per
1020 2285 1112 2327 mare
1126 2286 1282 2348 magnum

190 2397 254 2444 1030
271 2380 390 2444 stravit
403 2379 534 2461 iterque
550 2375 644 2439 dedit
658 2374 844 2460 legionibus
859 2377 907 2440 ire
921 2397 983 2463 per
997 2377 1101 2442 altum

271 2497 330 2580 [ac
346 2491 486 2578 pedibus
501 2490 605 2554 salsas
621 2487 738 2552 docuit
752 2510 853 2574 super
867 2491 916 2555 ire
931 2491 1089 2577 lucunas]

270 2617 304 2673 et
319 2605 497 2671 contemsit
511 2603 606 2688 equis
619 2603 785 2668 insultans
799 2623 967 2670 murmura
982 2608 1097 2692 ponti,

267 2720 389 2786 lumine
405 2718 563 2805 adempto
579 2717 720 2781 animam
733 2718 934 2783 moribundo
950 2743 1094 2808 corpore
1109 2721 1210 2788 fudit.

269 2832 443 2920 Scipiadas
453 2882 461 2910 ,
471 2833 548 2897 belli
563 2832 705 2912 fulmen,
718 2831 929 2920 Carthaginis
944 2834 1082 2913 horror,

187 2967 251 3014 10³5
266 2971 344 3016 ossa
359 2948 455 3014 dedit
469 2957 578 3013 terrae
592 2947 735 3034 proinde
750 2968 789 3011 ae
803 2947 905 3014 famul
918 2949 1048 3016 infimus
1064 2965 1168 3017 esset.

267 3064 355 3131 adde
370 3073 560 3152 repertores
575 3061 804 3128 doctrinarum
819 3075 922 3149 atque
936 3065 1103 3151 leporum,

267 3180 354 3246 adde
369 3178 624 3245 Heliconiadum
637 3180 792 3256 comites3
805 3201 947 3264 quorum
961 3201 1048 3246 unus
1063 3181 1229 3248 Homerus

267 3303 400 3382 sceptra
414 3296 541 3381 potitus
557 3292 672 3357 eadem
688 3293 758 3357 aliis
774 3293 893 3377 sopitu'
909 3294 1069 3379 quietest.

264 3409 408 3494 denique
423 3409 650 3474 Democritum
663 3415 744 3493 post
758 3427 856 3490 quam
871 3418 1001 3474 matura
1014 3419 1165 3474 vetustas

185 3541 249 3588 1040
264 3522 438 3588 admonuit
451 3541 615 3586 memores
628 3529 738 3586 motus
753 3519 968 3607 languescere
984 3526 1119 3593 mentis.

264 3647 384 3724 sponte
400 3658 461 3702 sua
475 3637 542 3701 icto
559 3644 661 3723 capnt
675 3635 795 3700 obvius
811 3639 935 3724 optulit
947 3639 1034 3724 ipse.

263 3754 335 3838 ipse
350 3751 516 3838 Epicurus
530 3751 568 3816 iit
583 3749 727 3816 decurso
741 3752 862 3816 lumine
877 3754 982 3827 vitae,

264 3867 320 3952 qui
336 3889 441 3953 genus
455 3867 635 3930 humanum
647 3865 782 3952 ingenio
797 3868 969 3952 superavit
984 3877 1018 3932 et
1033 3871 1139 3935 omnis

264 3983 457 4056 aestimarit,
469 3981 582 4046 stellas
598 3991 735 4048 exortus
750 3989 789 4046 ut
803 3980 971 4047 aetherius
986 3985 1052 4049 sol.

183 4115 245 4160 1010
262 4106 298 4162 tu
314 4119 394 4162 vero
411 4095 579 4162 dubitabis
595 4105 629 4162 et
642 4095 859 4182 indignabere
876 4097 992 4160 obire?

266 4286 306 4292 ..-
335 4285 353 4292 .-

267 4377 429 4432 101510010.
455 4380 464 4448 11
492 4385 555 4432 1010
575 4395 679 4432 eorum.
703 4381 713 4446 11
740 4377 971 4448 101710010110011
998 4385 1248 4453 101010110100011
1270 4389 1336 4438 1002
1357 4387 1396 4438 in·

263 4461 364 4514 scitans
384 4463 394 4530 11
416 4468 479 4516 1030
498 4463 578 4534 sugit.
599 4467 608 4530 11
631 4467 693 4514 1030
712 4460 829 4530 00110011
850 4467 914 4514 1042
934 4464 1000 4517 obiit
1019 4467 1028 4532 11
1051 4471 1114 4519 1014
1135 4465 1222 4520 aerius
