3034 5204
628 532 836 582 nununxmo
1245 515 1284 580 ll

175 705 245 751 non
258 684 358 750 facile
371 705 515 772 usquam
528 685 633 750 multo
650 706 747 772 quam
761 707 823 773 ego
835 684 977 752 dixerim
988 688 1064 772 plus
1076 690 1289 754 auctoritatis

175 786 288 849 inesse
313 784 559 869 exemplaribus
584 786 711 850 nostris
737 785 995 870 antiquissime,
1025 794 1099 862 aut,
1125 788 1153 852 si
1176 787 1290 852 studia

177 903 251 947 mea
266 882 458 947 examinare
471 883 594 958 velint,
610 884 726 948 eadem
738 883 942 970 exemplaria
954 884 1065 950 denuo
1076 893 1157 971 post
1167 907 1220 951 me
1232 907 1290 951 ex·

178 967 324 1055 cutiant,
345 979 407 1044 sed
428 1002 503 1044 oum
524 1001 606 1046 cura
627 989 662 1048 et
682 983 813 1047 intenta
834 983 1007 1047 oculorum
1027 985 1115 1060 acie,
1137 983 1290 1050 neforto

179 1077 286 1166 prima
295 1079 534 1164 manuscripta
547 1101 621 1144 esse
632 1087 754 1165 putent
767 1101 853 1166 quae
864 1081 932 1146 sint
944 1089 1190 1159 correctorum,
1204 1103 1291 1146 neve

178 1176 278 1262 plura
292 1197 391 1262 quarn
405 1178 434 1242 is
450 1198 550 1263 quem
564 1187 685 1242 notare
699 1178 869 1243 voluerint
884 1201 1043 1264 peccasse
1058 1189 1250 1268 arguantur.

262 1275 381 1362 ltaque
401 1276 600 1343 recensendi
623 1299 760 1342 munere
782 1278 831 1342 ita
853 1277 988 1342 functus
1009 1301 1101 1356 sum,
1124 1287 1163 1344 ut
1182 1279 1290 1364 quod·

180 1395 323 1460 cumque
341 1376 468 1439 bonum
489 1383 524 1439 et
543 1396 660 1440 verum
682 1384 772 1441 esset
787 1377 894 1440 autin
909 1386 1054 1463 utroque
1069 1378 1175 1442 autin
1191 1378 1292 1444 alter·

180 1481 259 1537 utro
271 1472 388 1537 codice
398 1521 405 1548 ,
416 1473 452 1538 id
463 1475 535 1538 siue
545 1474 615 1538 ullo
628 1473 848 1539 dubitationis
858 1475 984 1539 indicio
997 1475 1206 1551 exhiberem,
1216 1497 1293 1541 ver-

181 1593 278 1636 suum
297 1579 408 1636 autem
429 1571 581 1638 ordinem
597 1594 689 1649 eum,
712 1594 780 1658 quo
797 1581 912 1638 esseut
926 1595 947 1638 a
960 1574 1133 1639 veteribus
1147 1573 1293 1640 librariis

181 1669 315 1754 scripti,
330 1671 476 1735 numeris
490 1671 656 1756 appositis
670 1671 873 1736 indicarem:
890 1672 1157 1737 emendationem
1170 1671 1226 1736 his
1239 1691 1292 1736 re·
1390 1695 1392 1700 ¹

181 1769 245 1832 bus
266 1765 431 1833 contineri
451 1770 636 1835 arbitratus
658 1791 750 1845 sum,
770 1770 911 1855 primum
927 1776 965 1833 ut
979 1791 1099 1835 versus
1114 1791 1134 1834 a
1147 1769 1294 1835 librariis

182 1867 314 1931 traiecti
332 1867 478 1931 insnum
493 1867 601 1932 loomn
616 1868 880 1944 reducerentur3
902 1866 995 1954 quod
1009 1869 1067 1933 ubi
1082 1869 1212 1944 evenit,
1232 1889 1293 1932 uu-

181 1965 263 2029 meri
278 1985 354 2029 sese
367 1965 513 2032 naturali
524 1963 642 2030 ordine
655 1967 810 2052 excipere
821 1985 889 2029 non
901 1972 1102 2052 potuerunt:
1118 1965 1242 2031 d'einda
1255 1973 1295 2030 ut

182 2064 256 2148 ipsa
269 2083 427 2128 versuum
442 2063 627 2139 vocabula,
644 2064 704 2128 ubi
718 2063 773 2128 vel
786 2065 956 2149 perissent
971 2064 1026 2128 vel
1040 2065 1228 2150 depravata
1242 2085 1294 2129 es-

183 2169 276 2236 sent,
293 2169 452 2247 quantum
463 2162 536 2226 fieri
546 2167 680 2247 posset,
696 2163 981 2248 reciperareutur,
996 2163 1044 2226 ita
1054 2170 1167 2242 tamen
1177 2171 1216 2226 ut
1226 2163 1294 2228 siu·

182 2260 262 2348 gula
273 2260 317 2325 ad
329 2259 481 2325 codicum
493 2260 594 2325 fidem
605 2261 733 2346 scripta
744 2281 819 2324 oum
830 2260 970 2346 singulis
981 2261 1295 2325 commentariorum

184 2358 357 2446 particulis
372 2359 651 2445 praefigerentur,
668 2365 738 2423 tum
749 2360 782 2422 in
793 2359 867 2422 imis
879 2357 1011 2444 paginis
1021 2359 1202 2423 carminum
1215 2379 1295 2423 enu-

184 2465 408 2522 merarentur.
1190 2455 1195 2466 '

269 2554 416 2640 Operam
430 2574 513 2620 vero
527 2555 704 2638 maximam
718 2573 859 2639 eamque
874 2553 958 2618 satis
971 2552 1182 2620 fastidiosam
1197 2557 1297 2640 posui

184 2658 219 2719 in
234 2654 340 2742 primo
356 2653 600 2718 emendationis
615 2652 777 2738 cuiusque
793 2659 932 2716 auctore
946 2651 1202 2738 investigando:
1219 2672 1296 2717 nam

187 2755 262 2840 quis
282 2773 448 2838 quemque
463 2760 599 2817 secutus
615 2757 728 2824 esset,
752 2751 871 2836 quisve
886 2748 952 2814 alio
966 2757 1119 2836 tempore
1132 2751 1221 2816 idern
1235 2773 1297 2838 per

186 2875 223 2918 se
237 2851 397 2926 vidisset,
411 2871 480 2915 uon
495 2871 598 2936 saepe
613 2849 746 2924 curavi,
760 2849 824 2912 nisi
838 2848 874 2912 in
883 2849 1160 2914 mirabilioribus.
1176 2869 1257 2936 ergo
1269 2850 1298 2914 si

187 2950 325 3037 quando
335 2949 549 3016 librariorum
558 2969 677 3012 manus
688 2969 708 3010 a
720 2967 801 3010 vero
813 2949 990 3012 aberrasse
1002 2948 1208 3032 apparebat,
1219 2955 1298 3012 ante

188 3051 300 3115 omnia
322 3048 472 3135 quaesivi
495 3045 658 3132 numquid
679 3043 797 3109 melius
821 3043 973 3109 adferret
994 3057 1198 3110 correctonem
1219 3047 1297 3110 auti·

188 3150 365 3236 quanm,
380 3147 438 3233 qui
449 3143 584 3211 saeculo
599 3163 690 3207 nono
706 3142 859 3206 codicem
874 3142 1056 3228 oblongum
1066 3143 1299 3227 interpolavit.

189 3268 210 3311 a
225 3266 292 3332 quo
307 3247 336 3310 si
349 3243 434 3309 nihil
448 3244 661 3318 rettuleram,
677 3241 785 3307 multo
799 3241 899 3327 plura
912 3242 1003 3306 bona
1018 3249 1053 3308 et
1065 3243 1100 3305 in
1113 3241 1168 3306 his
1183 3243 1301 3327 exqui-

190 3345 347 3410 sitissima
371 3365 440 3409 non
463 3363 573 3430 pauca
597 3343 828 3428 praebuerunt
852 3351 1035 3405 correctores
1058 3340 1221 3427 quadrati.
1244 3339 1301 3406 his

190 3451 302 3509 aetate
316 3465 380 3529 par
394 3443 476 3508 etin
492 3441 692 3508 emendandi
707 3439 819 3505 officio
835 3439 936 3528 paulo
949 3439 1160 3504 constantior
1171 3447 1225 3504 est
1235 3441 1301 3504 Au·

190 3546 288 3608 tanim
306 3542 405 3607 letarii
426 3541 481 3606 vel
502 3541 617 3626 potius
639 3539 740 3604 huius
763 3545 883 3604 auctor
905 3539 1021 3619 Italus,
1045 3539 1103 3623 qui
1123 3535 1303 3602 manifesta

190 3643 273 3707 vitia
282 3640 419 3707 sustth
428 3641 620 3704 innumera:
633 3639 763 3706 habent
774 3639 874 3703 etiam
885 3637 1024 3724 propria
1036 3636 1201 3722 quaedam
1212 3638 1305 3702 bona

192 3741 264 3806 olim
276 3741 433 3828 impressi.
449 3737 511 3802 sed
525 3739 671 3802 omnium
685 3736 801 3801 studia
814 3755 889 3801 cum
902 3737 1037 3822 ingenio
1048 3743 1120 3800 tum
1131 3735 1306 3822 diligentia

191 3839 292 3925 longe
312 3837 486 3924 superavit
504 3833 678 3900 Michahel
697 3836 872 3914 Manates,
895 3841 974 3898 ortu
995 3831 1164 3908 Graecus,
1187 3832 1304 3898 sedin

193 3939 289 4026 poesi
301 3937 423 4002 Latina
443 3934 601 4008 eximius,
624 3933 682 4017 qui
704 3953 779 3996 cum
799 3953 836 3996 se
858 3932 942 3996 totis
960 3931 1090 3996 viribus
1108 3932 1144 3995 iu
1156 3931 1305 3997 Lucretii

191 4037 361 4124 ingenium
375 4041 410 4099 et
424 4039 531 4098 artem
544 4032 765 4106 insinuasset,
779 4031 813 4096 in
829 4031 900 4094 eius
912 4030 1113 4095 carminibus
1125 4030 1305 4095 emendan-

194 4137 247 4202 dis
266 4136 372 4200 multo
394 4133 471 4222 plus
491 4131 663 4218 praestitit
684 4151 783 4215 quam
803 4135 884 4215 post
898 4149 971 4193 eum
986 4126 1042 4192 vel
1056 4127 1247 4194 doctiores.
1263 4131 1305 4194 ab

193 4235 294 4300 huius
313 4255 420 4320 prope
436 4231 635 4297 Volaterras
656 4231 691 4295 iu
707 4227 830 4296 Ceoina
847 4227 949 4293 fluvio
963 4227 1102 4294 interitu
1117 4251 1206 4293 anno
1222 4229 1306 4293 duo·

195 4334 326 4399 decimo
341 4334 464 4397 Petrus
479 4329 653 4396 Candidus
666 4329 860 4396 Lucretium
882 4330 925 4393 ab
947 4347 987 4392 eo
1009 4326 1221 4392 emendatum
1235 4325 1306 4390 edi-

195 4432 263 4509 dit,
277 4433 478 4520 impressum
491 4430 684 4495 Florentiae
699 4429 888 4516 sumptibus
898 4426 1046 4513 Philippi
1058 4423 1202 4490 Giunme
1218 4443 1306 4487 anno

200 4531 278 4596 1512
301 4551 413 4596 mense
434 4529 578 4605 lilartio3
605 4529 700 4594 cuius
722 4527 879 4594 editionis
902 4526 1073 4610 exemplar
1094 4526 1136 4589 ab
1156 4521 1306 4586 Iohanne
