<?xml version="1.0" encoding="UTF-8"?>
<!DOCTYPE html PUBLIC "-//W3C//DTD XHTML 1.0 Transitional//EN"
    "http://www.w3.org/TR/xhtml1/DTD/xhtml1-transitional.dtd">
<html xmlns="http://www.w3.org/1999/xhtml" xml:lang="en" lang="en">
 <head>
  <title>
</title>
<meta http-equiv="Content-Type" content="text/html;charset=utf-8" />
  <meta name='ocr-system' content='tesseract 3.04.00' />
  <meta name='ocr-capabilities' content='ocr_page ocr_carea ocr_par ocr_line ocrx_word'/>
</head>
<body>
  <div class='ocr_page' id='page_1' title='image "./intlucretiicari00lachgoog_0499.png"; bbox 0 0 2972 5188; ppageno 0'>
   <div class='ocr_carea' id='block_1_1' title="bbox 276 448 856 522">
    <p class='ocr_par' dir='ltr' id='par_1_1' title="bbox 276 448 856 522">
     <span class='ocr_line' id='line_1_1' title="bbox 276 448 856 522; baseline -0.012 0"><span class='ocrx_word' id='word_1_1' title='bbox 276 454 346 522; x_wconf 91' lang='grc'><strong>242</strong></span> <span class='ocrx_word' id='word_1_2' title='bbox 808 448 856 516; x_wconf 91' lang='lat' dir='ltr'>IV</span> 
     </span>
    </p>
   </div>
   <div class='ocr_carea' id='block_1_2' title="bbox 216 621 1395 1198">
    <p class='ocr_par' dir='ltr' id='par_1_2' title="bbox 216 621 1395 890">
     <span class='ocr_line' id='line_1_2' title="bbox 275 621 1394 708; baseline -0.007 -16"><span class='ocrx_word' id='word_1_3' title='bbox 275 629 356 694; x_wconf 86' lang='lat' dir='ltr'>mire</span> <span class='ocrx_word' id='word_1_4' title='bbox 373 627 498 692; x_wconf 86' lang='lat' dir='ltr'>Caesar</span> <span class='ocrx_word' id='word_1_5' title='bbox 513 624 556 690; x_wconf 90' lang='lat' dir='ltr'>de</span> <span class='ocrx_word' id='word_1_6' title='bbox 572 624 661 688; x_wconf 90' lang='lat' dir='ltr'>bello</span> <span class='ocrx_word' id='word_1_7' title='bbox 675 621 805 688; x_wconf 89' lang='lat' dir='ltr'>Gallico</span> <span class='ocrx_word' id='word_1_8' title='bbox 822 645 853 697; x_wconf 82' lang='lat' dir='ltr'>v,</span> <span class='ocrx_word' id='word_1_9' title='bbox 862 623 902 687; x_wconf 88' lang='grc'>32</span> <span class='ocrx_word' id='word_1_10' title='bbox 917 635 945 688; x_wconf 80' lang='lat' dir='ltr'>et</span> <span class='ocrx_word' id='word_1_11' title='bbox 959 645 1028 688; x_wconf 78' lang='lat' dir='ltr'>earu</span> <span class='ocrx_word' id='word_1_12' title='bbox 1041 646 1072 686; x_wconf 81' lang='lat' dir='ltr'>se</span> <span class='ocrx_word' id='word_1_13' title='bbox 1086 625 1188 686; x_wconf 81' lang='lat' dir='ltr'>maior</span> <span class='ocrx_word' id='word_1_14' title='bbox 1196 645 1278 707; x_wconf 81' lang='lat' dir='ltr'>pore</span> <span class='ocrx_word' id='word_1_15' title='bbox 1293 627 1394 708; x_wconf 68' lang='lat' dir='ltr'>opini-</span> 
     </span>
     <span class='ocr_line' id='line_1_3' title="bbox 216 722 1395 810; baseline -0.004 -20"><span class='ocrx_word' id='word_1_16' title='bbox 216 740 220 749; x_wconf 78' lang='grc'><em>’</em></span> <span class='ocrx_word' id='word_1_17' title='bbox 275 730 323 792; x_wconf 69' lang='lat' dir='ltr'>aab</span> <span class='ocrx_word' id='word_1_18' title='bbox 337 729 369 790; x_wconf 82' lang='lat' dir='ltr'>io</span> <span class='ocrx_word' id='word_1_19' title='bbox 382 747 527 810; x_wconf 71' lang='grc'><strong>00090000</strong></span> <span class='ocrx_word' id='word_1_20' title='bbox 542 723 705 786; x_wconf 72' lang='grc'><strong>0000044000</strong></span> <span class='ocrx_word' id='word_1_21' title='bbox 720 723 904 795; x_wconf 64' lang='lat' dir='ltr'>desiluisset,</span> <span class='ocrx_word' id='word_1_22' title='bbox 920 745 958 784; x_wconf 76' lang='lat' dir='ltr'>ec</span> <span class='ocrx_word' id='word_1_23' title='bbox 973 732 1102 807; x_wconf 78' lang='lat' dir='ltr'>olrcqsse</span> <span class='ocrx_word' id='word_1_24' title='bbox 1111 731 1203 805; x_wconf 73' lang='lat' dir='ltr'>parte</span> <span class='ocrx_word' id='word_1_25' title='bbox 1223 722 1291 784; x_wconf 83' lang='lat' dir='ltr'>cius</span> <span class='ocrx_word' id='word_1_26' title='bbox 1303 722 1395 786; x_wconf 74' lang='grc'><strong>004440</strong></span> 
     </span>
     <span class='ocr_line' id='line_1_4' title="bbox 275 823 635 890; baseline -0.011 -2"><span class='ocrx_word' id='word_1_27' title='bbox 275 826 370 890; x_wconf 71' lang='lat' dir='ltr'>ceddo</span> <span class='ocrx_word' id='word_1_28' title='bbox 384 847 415 887; x_wconf 86' lang='lat' dir='ltr'>se</span> <span class='ocrx_word' id='word_1_29' title='bbox 430 823 635 886; x_wconf 66' lang='lat' dir='ltr'>ostendes-aut.</span> 
     </span>
    </p>

    <p class='ocr_par' dir='ltr' id='par_1_3' title="bbox 277 915 1394 1086">
     <span class='ocr_line' id='line_1_5' title="bbox 359 915 1394 1002; baseline -0.007 -16"><span class='ocrx_word' id='word_1_30' title='bbox 359 921 428 986; x_wconf 88' lang='grc'><strong>548.</strong></span> <span class='ocrx_word' id='word_1_31' title='bbox 459 941 586 984; x_wconf 71' lang='lat' dir='ltr'>nonas</span> <span class='ocrx_word' id='word_1_32' title='bbox 618 939 818 982; x_wconf 80' lang='lat' dir='ltr'>nrrrrnus</span> <span class='ocrx_word' id='word_1_33' title='bbox 844 967 850 980; x_wconf 93' lang='lat'><strong>.</strong></span> <span class='ocrx_word' id='word_1_34' title='bbox 884 915 1067 982; x_wconf 88' lang='lat' dir='ltr'>Corrector</span> <span class='ocrx_word' id='word_1_35' title='bbox 1099 916 1237 1002; x_wconf 83' lang='lat' dir='ltr'>oblongi</span> <span class='ocrx_word' id='word_1_36' title='bbox 1270 939 1394 981; x_wconf 73' lang='lat' dir='ltr'>surr·</span> 
     </span>
     <span class='ocr_line' id='line_1_6' title="bbox 277 1042 417 1086; baseline -0.014 -2"><span class='ocrx_word' id='word_1_37' title='bbox 277 1042 417 1086; x_wconf 72' lang='lat' dir='ltr'>muna.</span> 
     </span>
    </p>

    <p class='ocr_par' dir='ltr' id='par_1_4' title="bbox 359 1111 1394 1198">
     <span class='ocr_line' id='line_1_7' title="bbox 359 1111 1394 1198; baseline -0.007 -15"><span class='ocrx_word' id='word_1_38' title='bbox 359 1117 428 1183; x_wconf 92' lang='grc'><strong>549.</strong></span> <span class='ocrx_word' id='word_1_39' title='bbox 457 1115 679 1180; x_wconf 75' lang='lat' dir='ltr'>servorun</span> <span class='ocrx_word' id='word_1_40' title='bbox 709 1135 896 1178; x_wconf 72' lang='lat' dir='ltr'>ornans.</span> <span class='ocrx_word' id='word_1_41' title='bbox 926 1113 1109 1178; x_wconf 82' lang='lat' dir='ltr'><strong>Lambinus</strong></span> <span class='ocrx_word' id='word_1_42' title='bbox 1137 1111 1235 1178; x_wconf 91' lang='lat' dir='ltr'>dedit</span> <span class='ocrx_word' id='word_1_43' title='bbox 1261 1113 1394 1198; x_wconf 89' lang='lat' dir='ltr'>primus</span> 
     </span>
    </p>
   </div>
   <div class='ocr_carea' id='block_1_3' title="bbox 277 1237 1392 1388">
    <p class='ocr_par' dir='ltr' id='par_1_5' title="bbox 277 1237 1392 1388">
     <span class='ocr_line' id='line_1_8' title="bbox 277 1237 510 1282; baseline -0.021 0"><span class='ocrx_word' id='word_1_44' title='bbox 277 1237 510 1282; x_wconf 76' lang='lat' dir='ltr'>vannorum.</span> 
     </span>
     <span class='ocr_line' id='line_1_9' title="bbox 300 1307 1392 1388; baseline -0.006 -11"><span class='ocrx_word' id='word_1_45' title='bbox 300 1377 304 1388; x_wconf 74' lang='grc'>,</span> <span class='ocrx_word' id='word_1_46' title='bbox 357 1312 547 1377; x_wconf 67' lang='grc'><strong>5550000</strong></span> <span class='ocrx_word' id='word_1_47' title='bbox 571 1331 667 1372; x_wconf 81' lang='lat' dir='ltr'>rnna</span> <span class='ocrx_word' id='word_1_48' title='bbox 690 1307 1161 1372; x_wconf 74' lang='lat' dir='ltr'>rnorncrnPsavsnrsr</span> <span class='ocrx_word' id='word_1_49' title='bbox 1184 1329 1265 1372; x_wconf 85' lang='lat' dir='ltr'>vox</span> <span class='ocrx_word' id='word_1_50' title='bbox 1288 1330 1392 1383; x_wconf 80' lang='lat' dir='ltr'>Qua·</span> 
     </span>
    </p>
   </div>
   <div class='ocr_carea' id='block_1_4' title="bbox 248 1406 1391 2376">
    <p class='ocr_par' dir='ltr' id='par_1_6' title="bbox 248 1406 1391 1787">
     <span class='ocr_line' id='line_1_10' title="bbox 276 1406 1391 1491; baseline -0.004 -16"><span class='ocrx_word' id='word_1_51' title='bbox 276 1435 370 1488; x_wconf 80' lang='lat' dir='ltr'>Qun.</span> <span class='ocrx_word' id='word_1_52' title='bbox 392 1409 469 1475; x_wconf 88' lang='lat' dir='ltr'>Hoc</span> <span class='ocrx_word' id='word_1_53' title='bbox 491 1431 534 1474; x_wconf 89' lang='lat' dir='ltr'>ne</span> <span class='ocrx_word' id='word_1_54' title='bbox 548 1408 704 1472; x_wconf 88' lang='lat' dir='ltr'>Latinum</span> <span class='ocrx_word' id='word_1_55' title='bbox 728 1406 863 1491; x_wconf 88' lang='lat' dir='ltr'>quidem</span> <span class='ocrx_word' id='word_1_56' title='bbox 887 1415 959 1472; x_wconf 85' lang='lat' dir='ltr'>est.</span> <span class='ocrx_word' id='word_1_57' title='bbox 974 1413 1067 1472; x_wconf 88' lang='lat' dir='ltr'>recte</span> <span class='ocrx_word' id='word_1_58' title='bbox 1090 1429 1132 1471; x_wconf 84' lang='lat' dir='ltr'>ex</span> <span class='ocrx_word' id='word_1_59' title='bbox 1154 1406 1391 1470; x_wconf 75' lang='lat' dir='ltr'>emendatione</span> 
     </span>
     <span class='ocr_line' id='line_1_11' title="bbox 274 1503 1389 1593; baseline -0.005 -20"><span class='ocrx_word' id='word_1_60' title='bbox 274 1508 417 1574; x_wconf 88' lang='lat' dir='ltr'>Bentleii</span> <span class='ocrx_word' id='word_1_61' title='bbox 428 1504 659 1572; x_wconf 82' lang='lat' dir='ltr'>Wakefieldus</span> <span class='ocrx_word' id='word_1_62' title='bbox 679 1506 760 1571; x_wconf 74' lang='grc'><strong>00040</strong></span> <span class='ocrx_word' id='word_1_63' title='bbox 781 1526 861 1568; x_wconf 78' lang='lat' dir='ltr'>usn</span> <span class='ocrx_word' id='word_1_64' title='bbox 878 1505 1019 1593; x_wconf 80' lang='lat' dir='ltr'>prosecta</span> <span class='ocrx_word' id='word_1_65' title='bbox 1040 1529 1192 1592; x_wconf 80' lang='lat' dir='ltr'>quaeqae.</span> <span class='ocrx_word' id='word_1_66' title='bbox 1208 1503 1271 1568; x_wconf 88' lang='lat' dir='ltr'>sed</span> <span class='ocrx_word' id='word_1_67' title='bbox 1287 1525 1389 1568; x_wconf 84' lang='lat' dir='ltr'>versu</span> 
     </span>
     <span class='ocr_line' id='line_1_12' title="bbox 275 1603 1389 1690; baseline -0.004 -20"><span class='ocrx_word' id='word_1_68' title='bbox 275 1607 337 1671; x_wconf 87' lang='lat'>560</span> <span class='ocrx_word' id='word_1_69' title='bbox 358 1614 451 1669; x_wconf 88' lang='lat' dir='ltr'>recte</span> <span class='ocrx_word' id='word_1_70' title='bbox 471 1604 548 1669; x_wconf 89' lang='lat' dir='ltr'>libri</span> <span class='ocrx_word' id='word_1_71' title='bbox 570 1613 703 1667; x_wconf 85' lang='lat' dir='ltr'>veteres</span> <span class='ocrx_word' id='word_1_72' title='bbox 724 1604 833 1668; x_wconf 72' lang='lat' dir='ltr'>seruire</span> <span class='ocrx_word' id='word_1_73' title='bbox 853 1627 950 1690; x_wconf 81' lang='lat' dir='ltr'>aeque</span> <span class='ocrx_word' id='word_1_74' title='bbox 970 1605 1057 1668; x_wconf 83' lang='lat' dir='ltr'>illam</span> <span class='ocrx_word' id='word_1_75' title='bbox 1080 1604 1309 1680; x_wconf 74' lang='lat' dir='ltr'>Inter-meere,</span> <span class='ocrx_word' id='word_1_76' title='bbox 1332 1603 1389 1668; x_wconf 89' lang='lat' dir='ltr'>ubi</span> 
     </span>
     <span class='ocr_line' id='line_1_13' title="bbox 248 1701 814 1787; baseline -0.007 -19"><span class='ocrx_word' id='word_1_77' title='bbox 248 1715 251 1721; x_wconf 86' lang='lat'>&#39;</span> <span class='ocrx_word' id='word_1_78' title='bbox 275 1704 457 1768; x_wconf 86' lang='lat' dir='ltr'>Lambinus</span> <span class='ocrx_word' id='word_1_79' title='bbox 472 1703 580 1766; x_wconf 76' lang='lat' dir='ltr'>cesdire</span> <span class='ocrx_word' id='word_1_80' title='bbox 593 1725 690 1787; x_wconf 81' lang='lat' dir='ltr'>aeque</span> <span class='ocrx_word' id='word_1_81' title='bbox 703 1701 814 1765; x_wconf 78' lang='lat' dir='ltr'>tilam.</span> 
     </span>
    </p>

    <p class='ocr_par' dir='ltr' id='par_1_7' title="bbox 277 1797 1387 1986">
     <span class='ocr_line' id='line_1_14' title="bbox 358 1797 1387 1890; baseline -0.003 -26"><span class='ocrx_word' id='word_1_82' title='bbox 358 1801 427 1864; x_wconf 83' lang='grc'><strong>561.</strong></span> <span class='ocrx_word' id='word_1_83' title='bbox 451 1822 529 1876; x_wconf 75' lang='lat' dir='ltr'>uon</span> <span class='ocrx_word' id='word_1_84' title='bbox 552 1821 614 1863; x_wconf 78' lang='lat' dir='ltr'>sir</span> <span class='ocrx_word' id='word_1_85' title='bbox 631 1847 638 1861; x_wconf 94' lang='lat'><strong>.</strong></span> <span class='ocrx_word' id='word_1_86' title='bbox 658 1798 713 1890; x_wconf 79' lang='lat' dir='ltr'>lta</span> <span class='ocrx_word' id='word_1_87' title='bbox 728 1798 894 1884; x_wconf 85' lang='lat' dir='ltr'>oblongos</span> <span class='ocrx_word' id='word_1_88' title='bbox 910 1808 945 1863; x_wconf 84' lang='lat' dir='ltr'>et</span> <span class='ocrx_word' id='word_1_89' title='bbox 960 1798 1090 1865; x_wconf 88' lang='lat' dir='ltr'>Nonius</span> <span class='ocrx_word' id='word_1_90' title='bbox 1105 1820 1137 1883; x_wconf 88' lang='lat' dir='ltr'>p.</span> <span class='ocrx_word' id='word_1_91' title='bbox 1151 1797 1219 1874; x_wconf 79' lang='lat'><strong>173,</strong></span> <span class='ocrx_word' id='word_1_92' title='bbox 1230 1799 1291 1862; x_wconf 83' lang='lat'>16:</span> <span class='ocrx_word' id='word_1_93' title='bbox 1308 1818 1387 1883; x_wconf 84' lang='lat' dir='ltr'>qua-</span> 
     </span>
     <span class='ocr_line' id='line_1_15' title="bbox 277 1899 529 1986; baseline -0.016 -23"><span class='ocrx_word' id='word_1_94' title='bbox 277 1899 395 1964; x_wconf 87' lang='lat' dir='ltr'>dratus</span> <span class='ocrx_word' id='word_1_95' title='bbox 409 1899 529 1986; x_wconf 79' lang='lat' dir='ltr'>quesit.</span> 
     </span>
    </p>

    <p class='ocr_par' dir='ltr' id='par_1_8' title="bbox 273 1993 1388 2376">
     <span class='ocr_line' id='line_1_16' title="bbox 358 1993 1387 2063; baseline -0.003 -3"><span class='ocrx_word' id='word_1_96' title='bbox 358 1995 428 2060; x_wconf 88' lang='lat'><strong>567.</strong></span> <span class='ocrx_word' id='word_1_97' title='bbox 451 1995 692 2061; x_wconf 74' lang='lat' dir='ltr'>Ossronsns</span> <span class='ocrx_word' id='word_1_98' title='bbox 721 2016 890 2060; x_wconf 73' lang='lat' dir='ltr'>nornen</span> <span class='ocrx_word' id='word_1_99' title='bbox 917 2015 1089 2058; x_wconf 81' lang='lat' dir='ltr'>vsanrs.</span> <span class='ocrx_word' id='word_1_100' title='bbox 1117 1993 1220 2058; x_wconf 89' lang='lat' dir='ltr'>Immo</span> <span class='ocrx_word' id='word_1_101' title='bbox 1249 2015 1387 2063; x_wconf 80' lang='lat' dir='ltr'>venor,</span> 
     </span>
     <span class='ocr_line' id='line_1_17' title="bbox 276 2091 1388 2179; baseline -0.004 -21"><span class='ocrx_word' id='word_1_102' title='bbox 276 2094 355 2179; x_wconf 89' lang='lat' dir='ltr'>quia</span> <span class='ocrx_word' id='word_1_103' title='bbox 369 2098 603 2178; x_wconf 78' lang='lat' dir='ltr'>praecesserat</span> <span class='ocrx_word' id='word_1_104' title='bbox 618 2091 760 2169; x_wconf 80' lang='lat' dir='ltr'>uerbum,</span> <span class='ocrx_word' id='word_1_105' title='bbox 775 2091 941 2154; x_wconf 78' lang='lat' dir='ltr'>Praeterea</span> <span class='ocrx_word' id='word_1_106' title='bbox 955 2091 1080 2156; x_wconf 71' lang='grc'><strong>0004000</strong></span> <span class='ocrx_word' id='word_1_107' title='bbox 1090 2115 1181 2177; x_wconf 80' lang='lat' dir='ltr'>saepe</span> <span class='ocrx_word' id='word_1_108' title='bbox 1193 2115 1311 2165; x_wconf 73' lang='lat' dir='ltr'>musa,</span> <span class='ocrx_word' id='word_1_109' title='bbox 1330 2091 1388 2156; x_wconf 91' lang='lat' dir='ltr'>ubi</span> 
     </span>
     <span class='ocr_line' id='line_1_18' title="bbox 274 2186 1387 2275; baseline -0.004 -19"><span class='ocrx_word' id='word_1_110' title='bbox 274 2193 358 2256; x_wconf 92' lang='lat' dir='ltr'>miro</span> <span class='ocrx_word' id='word_1_111' title='bbox 381 2212 496 2256; x_wconf 89' lang='lat' dir='ltr'>errore</span> <span class='ocrx_word' id='word_1_112' title='bbox 511 2191 678 2255; x_wconf 75' lang='lat' dir='ltr'>I&#39;roelerec</span> <span class='ocrx_word' id='word_1_113' title='bbox 685 2190 825 2275; x_wconf 78' lang='lat' dir='ltr'>peditam</span> <span class='ocrx_word' id='word_1_114' title='bbox 839 2188 1008 2252; x_wconf 69' lang='lat' dir='ltr'>Antoniam</span> <span class='ocrx_word' id='word_1_115' title='bbox 1022 2186 1236 2254; x_wconf 85' lang='lat' dir='ltr'>Florentinus</span> <span class='ocrx_word' id='word_1_116' title='bbox 1260 2199 1296 2252; x_wconf 87' lang='lat' dir='ltr'>et</span> <span class='ocrx_word' id='word_1_117' title='bbox 1310 2189 1387 2252; x_wconf 91' lang='lat' dir='ltr'>olim</span> 
     </span>
     <span class='ocr_line' id='line_1_19' title="bbox 273 2287 992 2376; baseline -0.004 -21"><span class='ocrx_word' id='word_1_118' title='bbox 273 2291 447 2376; x_wconf 82' lang='lat' dir='ltr'>impressi,</span> <span class='ocrx_word' id='word_1_119' title='bbox 463 2287 557 2375; x_wconf 93' lang='lat' dir='ltr'>quod</span> <span class='ocrx_word' id='word_1_120' title='bbox 571 2287 736 2354; x_wconf 84' lang='lat' dir='ltr'>Marullus</span> <span class='ocrx_word' id='word_1_121' title='bbox 751 2287 833 2352; x_wconf 81' lang='lat' dir='ltr'>fecit</span> <span class='ocrx_word' id='word_1_122' title='bbox 847 2287 992 2352; x_wconf 78' lang='grc'><strong>00440000.</strong></span> 
     </span>
    </p>
   </div>
   <div class='ocr_carea' id='block_1_5' title="bbox 274 2384 1480 2548">
    <p class='ocr_par' dir='ltr' id='par_1_9' title="bbox 274 2384 1480 2548">
     <span class='ocr_line' id='line_1_20' title="bbox 356 2384 1480 2471; baseline -0.004 -19"><span class='ocrx_word' id='word_1_123' title='bbox 356 2389 427 2452; x_wconf 87' lang='grc'><strong>568.</strong></span> <span class='ocrx_word' id='word_1_124' title='bbox 449 2411 531 2452; x_wconf 81' lang='lat' dir='ltr'>non</span> <span class='ocrx_word' id='word_1_125' title='bbox 561 2409 681 2452; x_wconf 76' lang='lat' dir='ltr'>aunis</span> <span class='ocrx_word' id='word_1_126' title='bbox 712 2409 877 2450; x_wconf 80' lang='lat' dir='ltr'>rucrnrr</span> <span class='ocrx_word' id='word_1_127' title='bbox 906 2405 1043 2450; x_wconf 78' lang='lat' dir='ltr'>rrsns.</span> <span class='ocrx_word' id='word_1_128' title='bbox 1070 2384 1199 2461; x_wconf 82' lang='lat' dir='ltr'>Recte,</span> <span class='ocrx_word' id='word_1_129' title='bbox 1226 2395 1386 2471; x_wconf 85' lang='lat' dir='ltr'>utputo,</span> <span class='ocrx_word' id='word_1_130' title='bbox 1479 2441 1480 2448; x_wconf 72' lang='grc'>,</span> 
     </span>
     <span class='ocr_line' id='line_1_21' title="bbox 274 2483 1480 2548; baseline -0.001 -1"><span class='ocrx_word' id='word_1_131' title='bbox 274 2484 457 2548; x_wconf 82' lang='lat' dir='ltr'>Lambinus</span> <span class='ocrx_word' id='word_1_132' title='bbox 472 2485 600 2547; x_wconf 80' lang='lat' dir='ltr'>oceidit:</span> <span class='ocrx_word' id='word_1_133' title='bbox 610 2483 677 2548; x_wconf 90' lang='lat' dir='ltr'>boc</span> <span class='ocrx_word' id='word_1_134' title='bbox 693 2485 779 2548; x_wconf 90' lang='lat' dir='ltr'>enim</span> <span class='ocrx_word' id='word_1_135' title='bbox 794 2505 868 2548; x_wconf 92' lang='lat' dir='ltr'>cum</span> <span class='ocrx_word' id='word_1_136' title='bbox 883 2483 1078 2548; x_wconf 81' lang='lat' dir='ltr'>accusativo</span> <span class='ocrx_word' id='word_1_137' title='bbox 1093 2504 1161 2548; x_wconf 90' lang='lat' dir='ltr'>non</span> <span class='ocrx_word' id='word_1_138' title='bbox 1172 2483 1276 2548; x_wconf 93' lang='lat' dir='ltr'>modo</span> <span class='ocrx_word' id='word_1_139' title='bbox 1287 2484 1386 2548; x_wconf 88' lang='lat' dir='ltr'>Plau·</span> <span class='ocrx_word' id='word_1_140' title='bbox 1479 2485 1480 2546; x_wconf 69' lang='grc' dir='ltr'>ἶ</span> 
     </span>
    </p>
   </div>
   <div class='ocr_carea' id='block_1_6' title="bbox 272 2579 1386 3156">
    <p class='ocr_par' dir='ltr' id='par_1_10' title="bbox 272 2579 1386 3156">
     <span class='ocr_line' id='line_1_22' title="bbox 275 2579 1386 2668; baseline 0.001 -23"><span class='ocrx_word' id='word_1_141' title='bbox 275 2591 330 2645; x_wconf 89' lang='lat' dir='ltr'>tus</span> <span class='ocrx_word' id='word_1_142' title='bbox 346 2580 409 2644; x_wconf 82' lang='lat' dir='ltr'>sed</span> <span class='ocrx_word' id='word_1_143' title='bbox 423 2579 602 2643; x_wconf 87' lang='lat' dir='ltr'>Lucretius</span> <span class='ocrx_word' id='word_1_144' title='bbox 621 2581 719 2662; x_wconf 89' lang='lat' dir='ltr'>ipse,</span> <span class='ocrx_word' id='word_1_145' title='bbox 739 2589 778 2643; x_wconf 90' lang='lat' dir='ltr'>ut</span> <span class='ocrx_word' id='word_1_146' title='bbox 799 2580 958 2657; x_wconf 83' lang='lat' dir='ltr'>videtur,</span> <span class='ocrx_word' id='word_1_147' title='bbox 978 2580 1087 2645; x_wconf 85' lang='lat' dir='ltr'>iunxit</span> <span class='ocrx_word' id='word_1_148' title='bbox 1107 2580 1142 2644; x_wconf 91' lang='lat' dir='ltr'>in</span> <span class='ocrx_word' id='word_1_149' title='bbox 1156 2603 1187 2656; x_wconf 84' lang='lat' dir='ltr'>v,</span> <span class='ocrx_word' id='word_1_150' title='bbox 1196 2581 1258 2646; x_wconf 88' lang='grc'>608</span> <span class='ocrx_word' id='word_1_151' title='bbox 1278 2595 1386 2668; x_wconf 69' lang='lat' dir='ltr'>sepcies</span> 
     </span>
     <span class='ocr_line' id='line_1_23' title="bbox 273 2677 1385 2766; baseline 0.008 -26"><span class='ocrx_word' id='word_1_152' title='bbox 273 2679 459 2762; x_wconf 78' lang='lat' dir='ltr'>stipulasque</span> <span class='ocrx_word' id='word_1_153' title='bbox 479 2677 614 2738; x_wconf 71' lang='lat' dir='ltr'>videmia</span> <span class='ocrx_word' id='word_1_154' title='bbox 628 2677 777 2740; x_wconf 76' lang='lat' dir='ltr'>Accidere</span> <span class='ocrx_word' id='word_1_155' title='bbox 798 2701 836 2742; x_wconf 84' lang='grc'>00</span> <span class='ocrx_word' id='word_1_156' title='bbox 858 2701 921 2743; x_wconf 85' lang='grc'>000</span> <span class='ocrx_word' id='word_1_157' title='bbox 941 2680 1073 2744; x_wconf 62' lang='lat' dir='ltr'>camilla</span> <span class='ocrx_word' id='word_1_158' title='bbox 1092 2680 1234 2744; x_wconf 79' lang='lat' dir='ltr'>incendic</span> <span class='ocrx_word' id='word_1_159' title='bbox 1250 2683 1385 2766; x_wconf 77' lang='lat' dir='ltr'>possim</span> 
     </span>
     <span class='ocr_line' id='line_1_24' title="bbox 276 2772 1385 2859; baseline 0.005 -21"><span class='ocrx_word' id='word_1_160' title='bbox 276 2773 429 2859; x_wconf 89' lang='lat' dir='ltr'>quamvis</span> <span class='ocrx_word' id='word_1_161' title='bbox 443 2772 523 2836; x_wconf 91' lang='lat' dir='ltr'>alibi</span> <span class='ocrx_word' id='word_1_162' title='bbox 538 2793 613 2836; x_wconf 91' lang='lat' dir='ltr'>oum</span> <span class='ocrx_word' id='word_1_163' title='bbox 623 2772 876 2857; x_wconf 83' lang='lat' dir='ltr'>praepositione</span> <span class='ocrx_word' id='word_1_164' title='bbox 889 2775 1014 2840; x_wconf 87' lang='lat' dir='ltr'>dixerit</span> <span class='ocrx_word' id='word_1_165' title='bbox 1028 2799 1064 2852; x_wconf 89' lang='lat' dir='ltr'>n,</span> <span class='ocrx_word' id='word_1_166' title='bbox 1075 2777 1153 2841; x_wconf 87' lang='grc'><strong>1624</strong></span> <span class='ocrx_word' id='word_1_167' title='bbox 1168 2787 1247 2842; x_wconf 76' lang='lat' dir='ltr'>aoso</span> <span class='ocrx_word' id='word_1_168' title='bbox 1260 2803 1311 2842; x_wconf 80' lang='lat' dir='ltr'>ree</span> <span class='ocrx_word' id='word_1_169' title='bbox 1323 2803 1385 2844; x_wconf 84' lang='lat' dir='ltr'>mo-</span> 
     </span>
     <span class='ocr_line' id='line_1_25' title="bbox 274 2871 1386 2942; baseline 0.005 -5"><span class='ocrx_word' id='word_1_170' title='bbox 274 2875 347 2938; x_wconf 81' lang='lat' dir='ltr'>litur</span> <span class='ocrx_word' id='word_1_171' title='bbox 362 2873 405 2936; x_wconf 85' lang='lat' dir='ltr'>od</span> <span class='ocrx_word' id='word_1_172' title='bbox 418 2873 503 2936; x_wconf 74' lang='grc'><strong>00040</strong></span> <span class='ocrx_word' id='word_1_173' title='bbox 518 2871 685 2935; x_wconf 79' lang='lat' dir='ltr'>Accidere.</span> <span class='ocrx_word' id='word_1_174' title='bbox 708 2878 745 2935; x_wconf 89' lang='lat' dir='ltr'>at</span> <span class='ocrx_word' id='word_1_175' title='bbox 758 2871 891 2936; x_wconf 77' lang='lat' dir='ltr'>incidere</span> <span class='ocrx_word' id='word_1_176' title='bbox 906 2874 1135 2938; x_wconf 78' lang='lat' dir='ltr'>accusativum</span> <span class='ocrx_word' id='word_1_177' title='bbox 1149 2876 1207 2940; x_wconf 83' lang='lat' dir='ltr'>vix</span> <span class='ocrx_word' id='word_1_178' title='bbox 1222 2875 1386 2942; x_wconf 83' lang='lat' dir='ltr'>admittit:</span> 
     </span>
     <span class='ocr_line' id='line_1_26' title="bbox 272 2967 1385 3056; baseline 0.003 -20"><span class='ocrx_word' id='word_1_179' title='bbox 272 2993 350 3036; x_wconf 90' lang='lat' dir='ltr'>nam</span> <span class='ocrx_word' id='word_1_180' title='bbox 365 2969 405 3034; x_wconf 91' lang='lat' dir='ltr'>N.</span> <span class='ocrx_word' id='word_1_181' title='bbox 417 2968 578 3034; x_wconf 87' lang='lat' dir='ltr'>Heinsius</span> <span class='ocrx_word' id='word_1_182' title='bbox 594 2969 739 3054; x_wconf 85' lang='lat' dir='ltr'>erravit,</span> <span class='ocrx_word' id='word_1_183' title='bbox 755 2989 829 3032; x_wconf 90' lang='lat' dir='ltr'>cum</span> <span class='ocrx_word' id='word_1_184' title='bbox 845 2967 1028 3056; x_wconf 86' lang='lat' dir='ltr'>adscripsit</span> <span class='ocrx_word' id='word_1_185' title='bbox 1042 2971 1165 3036; x_wconf 91' lang='lat' dir='ltr'>Ovidio</span> <span class='ocrx_word' id='word_1_186' title='bbox 1180 2981 1313 3040; x_wconf 80' lang='lat' dir='ltr'>metam.</span> <span class='ocrx_word' id='word_1_187' title='bbox 1328 2999 1385 3049; x_wconf 86' lang='lat' dir='ltr'>vn,</span> 
     </span>
     <span class='ocr_line' id='line_1_27' title="bbox 273 3065 1384 3156; baseline 0.004 -22"><span class='ocrx_word' id='word_1_188' title='bbox 273 3069 334 3134; x_wconf 88' lang='grc'>524</span> <span class='ocrx_word' id='word_1_189' title='bbox 351 3069 543 3156; x_wconf 84' lang='lat' dir='ltr'>etVergilio</span> <span class='ocrx_word' id='word_1_190' title='bbox 556 3069 637 3133; x_wconf 86' lang='lat' dir='ltr'>Aen.</span> <span class='ocrx_word' id='word_1_191' title='bbox 653 3091 698 3144; x_wconf 82' lang='lat' dir='ltr'>rx,</span> <span class='ocrx_word' id='word_1_192' title='bbox 706 3067 765 3132; x_wconf 79' lang='lat'>721</span> <span class='ocrx_word' id='word_1_193' title='bbox 779 3116 786 3130; x_wconf 92' lang='lat'><strong>.</strong></span> <span class='ocrx_word' id='word_1_194' title='bbox 803 3065 846 3132; x_wconf 89' lang='lat' dir='ltr'>de</span> <span class='ocrx_word' id='word_1_195' title='bbox 860 3067 957 3133; x_wconf 90' lang='lat' dir='ltr'>Livio</span> <span class='ocrx_word' id='word_1_196' title='bbox 973 3078 1086 3134; x_wconf 85' lang='lat' dir='ltr'>tamen</span> <span class='ocrx_word' id='word_1_197' title='bbox 1100 3091 1141 3134; x_wconf 91' lang='lat' dir='ltr'>ac</span> <span class='ocrx_word' id='word_1_198' title='bbox 1151 3069 1274 3136; x_wconf 89' lang='lat' dir='ltr'>Tacito</span> <span class='ocrx_word' id='word_1_199' title='bbox 1289 3072 1384 3140; x_wconf 88' lang='lat' dir='ltr'>dubi·</span> 
     </span>
    </p>
   </div>
   <div class='ocr_carea' id='block_1_7' title="bbox 272 3165 1383 3340">
    <p class='ocr_par' dir='ltr' id='par_1_11' title="bbox 272 3165 1383 3340">
     <span class='ocr_line' id='line_1_28' title="bbox 273 3165 1383 3252; baseline 0.002 -18"><span class='ocrx_word' id='word_1_200' title='bbox 273 3177 388 3234; x_wconf 87' lang='lat' dir='ltr'>tatur:</span> <span class='ocrx_word' id='word_1_201' title='bbox 409 3168 587 3252; x_wconf 84' lang='lat' dir='ltr'>Apuleium</span> <span class='ocrx_word' id='word_1_202' title='bbox 605 3167 653 3232; x_wconf 88' lang='lat' dir='ltr'>ita</span> <span class='ocrx_word' id='word_1_203' title='bbox 674 3165 925 3252; x_wconf 86' lang='lat' dir='ltr'>praepositione</span> <span class='ocrx_word' id='word_1_204' title='bbox 947 3167 1071 3232; x_wconf 86' lang='lat' dir='ltr'>omissa</span> <span class='ocrx_word' id='word_1_205' title='bbox 1092 3166 1218 3232; x_wconf 87' lang='lat' dir='ltr'>dixisse</span> <span class='ocrx_word' id='word_1_206' title='bbox 1233 3180 1383 3238; x_wconf 85' lang='lat' dir='ltr'>constat.</span> 
     </span>
     <span class='ocr_line' id='line_1_29' title="bbox 272 3261 1383 3340; baseline 0.002 -8"><span class='ocrx_word' id='word_1_207' title='bbox 272 3267 351 3333; x_wconf 86' lang='lat' dir='ltr'>vide</span> <span class='ocrx_word' id='word_1_208' title='bbox 365 3264 681 3332; x_wconf 82' lang='lat' dir='ltr'>Drakenborchium</span> <span class='ocrx_word' id='word_1_209' title='bbox 704 3262 749 3327; x_wconf 89' lang='lat' dir='ltr'>ad</span> <span class='ocrx_word' id='word_1_210' title='bbox 764 3261 849 3327; x_wconf 91' lang='lat' dir='ltr'>Livii</span> <span class='ocrx_word' id='word_1_211' title='bbox 869 3263 990 3328; x_wconf 90' lang='lat' dir='ltr'>librum</span> <span class='ocrx_word' id='word_1_212' title='bbox 1011 3265 1107 3340; x_wconf 80' lang='lat'><strong>11.30‚</strong></span> <span class='ocrx_word' id='word_1_213' title='bbox 1121 3266 1181 3330; x_wconf 88' lang='lat'>13.</span> <span class='ocrx_word' id='word_1_214' title='bbox 1203 3267 1331 3333; x_wconf 88' lang='lat' dir='ltr'>Paulus</span> <span class='ocrx_word' id='word_1_215' title='bbox 1350 3272 1383 3334; x_wconf 92' lang='lat' dir='ltr'>in</span> 
     </span>
    </p>
   </div>
   <div class='ocr_carea' id='block_1_8' title="bbox 272 3361 1479 3446">
    <p class='ocr_par' dir='ltr' id='par_1_12' title="bbox 272 3361 1479 3446">
     <span class='ocr_line' id='line_1_30' title="bbox 272 3361 1479 3446; baseline -0.001 -16"><span class='ocrx_word' id='word_1_216' title='bbox 272 3367 293 3430; x_wconf 91' lang='lat' dir='ltr'>l.</span> <span class='ocrx_word' id='word_1_217' title='bbox 301 3365 341 3428; x_wconf 85' lang='lat'>34</span> <span class='ocrx_word' id='word_1_218' title='bbox 357 3385 407 3446; x_wconf 91' lang='lat' dir='ltr'>pr.</span> <span class='ocrx_word' id='word_1_219' title='bbox 416 3363 457 3426; x_wconf 92' lang='lat' dir='ltr'>D.</span> <span class='ocrx_word' id='word_1_220' title='bbox 470 3361 514 3426; x_wconf 89' lang='lat' dir='ltr'>de</span> <span class='ocrx_word' id='word_1_221' title='bbox 529 3383 558 3424; x_wconf 93' lang='grc' dir='ltr'>ο.</span> <span class='ocrx_word' id='word_1_222' title='bbox 571 3371 604 3424; x_wconf 89' lang='lat' dir='ltr'>et</span> <span class='ocrx_word' id='word_1_223' title='bbox 619 3381 647 3424; x_wconf 88' lang='lat' dir='ltr'>a.</span> <span class='ocrx_word' id='word_1_224' title='bbox 662 3362 780 3436; x_wconf 80' lang='lat' dir='ltr'>xn1v‚7</span> <span class='ocrx_word' id='word_1_225' title='bbox 800 3362 860 3441; x_wconf 77' lang='lat' dir='ltr'>Qui</span> <span class='ocrx_word' id='word_1_226' title='bbox 873 3385 991 3426; x_wconf 83' lang='lat' dir='ltr'>seruum</span> <span class='ocrx_word' id='word_1_227' title='bbox 1006 3364 1138 3429; x_wconf 81' lang='lat' dir='ltr'>alienum</span> <span class='ocrx_word' id='word_1_228' title='bbox 1158 3367 1305 3440; x_wconf 70' lang='lat' dir='ltr'>iniuriose</span> <span class='ocrx_word' id='word_1_229' title='bbox 1318 3393 1381 3434; x_wconf 77' lang='lat' dir='ltr'>oer-</span> <span class='ocrx_word' id='word_1_230' title='bbox 1478 3401 1479 3416; x_wconf 56' lang='grc' dir='ltr'>ι</span> 
     </span>
    </p>
   </div>
   <div class='ocr_carea' id='block_1_9' title="bbox 270 3458 1383 3936">
    <p class='ocr_par' dir='ltr' id='par_1_13' title="bbox 270 3458 1383 3936">
     <span class='ocr_line' id='line_1_31' title="bbox 272 3458 1383 3547; baseline 0.005 -22"><span class='ocrx_word' id='word_1_231' title='bbox 272 3462 375 3538; x_wconf 63' lang='lat' dir='ltr'>baal,</span> <span class='ocrx_word' id='word_1_232' title='bbox 390 3481 428 3522; x_wconf 82' lang='lat' dir='ltr'>ec</span> <span class='ocrx_word' id='word_1_233' title='bbox 448 3482 509 3524; x_wconf 83' lang='grc'>000</span> <span class='ocrx_word' id='word_1_234' title='bbox 521 3458 611 3544; x_wconf 78' lang='lat' dir='ltr'>facto</span> <span class='ocrx_word' id='word_1_235' title='bbox 631 3460 737 3524; x_wconf 74' lang='grc'><strong>40040444</strong></span> <span class='ocrx_word' id='word_1_236' title='bbox 757 3471 786 3522; x_wconf 83' lang='lat' dir='ltr'>et</span> <span class='ocrx_word' id='word_1_237' title='bbox 797 3461 958 3547; x_wconf 69' lang='lat' dir='ltr'>Apicilicm</span> <span class='ocrx_word' id='word_1_238' title='bbox 972 3473 1000 3526; x_wconf 79' lang='lat' dir='ltr'>ct</span> <span class='ocrx_word' id='word_1_239' title='bbox 1012 3463 1159 3526; x_wconf 78' lang='grc'><strong>00440000</strong></span> <span class='ocrx_word' id='word_1_240' title='bbox 1180 3465 1383 3530; x_wconf 69' lang='lat' dir='ltr'>iniuriamne.</span> 
     </span>
     <span class='ocr_line' id='line_1_32' title="bbox 272 3555 1383 3648; baseline 0.008 -28"><span class='ocrx_word' id='word_1_241' title='bbox 272 3577 382 3641; x_wconf 86' lang='lat' dir='ltr'>neque</span> <span class='ocrx_word' id='word_1_242' title='bbox 397 3555 495 3619; x_wconf 92' lang='lat' dir='ltr'>aliter</span> <span class='ocrx_word' id='word_1_243' title='bbox 510 3577 591 3620; x_wconf 89' lang='lat' dir='ltr'>sane</span> <span class='ocrx_word' id='word_1_244' title='bbox 606 3556 784 3621; x_wconf 85' lang='lat' dir='ltr'>Lucretius</span> <span class='ocrx_word' id='word_1_245' title='bbox 798 3581 885 3622; x_wconf 78' lang='lat' dir='ltr'>usare</span> <span class='ocrx_word' id='word_1_246' title='bbox 899 3581 978 3645; x_wconf 81' lang='lat' dir='ltr'>qaae</span> <span class='ocrx_word' id='word_1_247' title='bbox 991 3562 1170 3646; x_wconf 75' lang='lat' dir='ltr'>inpendent,</span> <span class='ocrx_word' id='word_1_248' title='bbox 1191 3560 1236 3626; x_wconf 90' lang='lat' dir='ltr'>de</span> <span class='ocrx_word' id='word_1_249' title='bbox 1251 3585 1319 3648; x_wconf 93' lang='lat' dir='ltr'>quo</span> <span class='ocrx_word' id='word_1_250' title='bbox 1335 3563 1383 3629; x_wconf 92' lang='lat' dir='ltr'>di·</span> 
     </span>
     <span class='ocr_line' id='line_1_33' title="bbox 273 3652 1382 3746; baseline 0.007 -28"><span class='ocrx_word' id='word_1_251' title='bbox 273 3675 347 3744; x_wconf 88' lang='lat' dir='ltr'>cam</span> <span class='ocrx_word' id='word_1_252' title='bbox 368 3653 413 3718; x_wconf 90' lang='lat' dir='ltr'>ad</span> <span class='ocrx_word' id='word_1_253' title='bbox 434 3652 555 3718; x_wconf 88' lang='lat' dir='ltr'>librum</span> <span class='ocrx_word' id='word_1_254' title='bbox 576 3677 621 3729; x_wconf 83' lang='lat' dir='ltr'>vr,</span> <span class='ocrx_word' id='word_1_255' title='bbox 631 3655 693 3720; x_wconf 84' lang='lat'>489</span> <span class='ocrx_word' id='word_1_256' title='bbox 715 3705 721 3718; x_wconf 95' lang='lat'>.</span> <span class='ocrx_word' id='word_1_257' title='bbox 750 3654 888 3721; x_wconf 83' lang='lat' dir='ltr'>Gratius</span> <span class='ocrx_word' id='word_1_258' title='bbox 909 3657 971 3722; x_wconf 89' lang='grc'>244</span> <span class='ocrx_word' id='word_1_259' title='bbox 995 3661 1114 3724; x_wconf 70' lang='lat' dir='ltr'>Bassam</span> <span class='ocrx_word' id='word_1_260' title='bbox 1134 3683 1210 3746; x_wconf 72' lang='lat' dir='ltr'>opto</span> <span class='ocrx_word' id='word_1_261' title='bbox 1229 3662 1382 3726; x_wconf 76' lang='lat' dir='ltr'>incubuit.</span> 
     </span>
     <span class='ocr_line' id='line_1_34' title="bbox 272 3750 1381 3842; baseline 0.007 -26"><span class='ocrx_word' id='word_1_262' title='bbox 272 3751 472 3817; x_wconf 82' lang='lat' dir='ltr'>scholiastes</span> <span class='ocrx_word' id='word_1_263' title='bbox 487 3750 588 3817; x_wconf 88' lang='lat' dir='ltr'>Statii</span> <span class='ocrx_word' id='word_1_264' title='bbox 602 3751 646 3816; x_wconf 88' lang='lat' dir='ltr'>ad</span> <span class='ocrx_word' id='word_1_265' title='bbox 661 3752 770 3819; x_wconf 88' lang='lat' dir='ltr'>Theb.</span> <span class='ocrx_word' id='word_1_266' title='bbox 785 3777 857 3830; x_wconf 78' lang='lat' dir='ltr'>viu,</span> <span class='ocrx_word' id='word_1_267' title='bbox 872 3756 887 3818; x_wconf 95' lang='lat' dir='ltr'>l</span> <span class='ocrx_word' id='word_1_268' title='bbox 918 3755 1006 3821; x_wconf 79' lang='lat' dir='ltr'>Vetas</span> <span class='ocrx_word' id='word_1_269' title='bbox 1026 3759 1152 3824; x_wconf 70' lang='lat' dir='ltr'>elocutio</span> <span class='ocrx_word' id='word_1_270' title='bbox 1172 3767 1215 3822; x_wconf 74' lang='lat' dir='ltr'>ess</span> <span class='ocrx_word' id='word_1_271' title='bbox 1227 3781 1290 3842; x_wconf 79' lang='lat' dir='ltr'>per</span> <span class='ocrx_word' id='word_1_272' title='bbox 1304 3762 1381 3824; x_wconf 73' lang='lat' dir='ltr'>daa-</span> 
     </span>
     <span class='ocr_line' id='line_1_35' title="bbox 270 3850 1383 3936; baseline 0.009 -22"><span class='ocrx_word' id='word_1_273' title='bbox 270 3873 340 3915; x_wconf 83' lang='lat' dir='ltr'>ram</span> <span class='ocrx_word' id='word_1_274' title='bbox 354 3873 475 3930; x_wconf 82' lang='lat' dir='ltr'>casam,</span> <span class='ocrx_word' id='word_1_275' title='bbox 486 3851 593 3916; x_wconf 79' lang='lat' dir='ltr'>incidit</span> <span class='ocrx_word' id='word_1_276' title='bbox 605 3851 721 3915; x_wconf 72' lang='lat' dir='ltr'>cimbris</span> <span class='ocrx_word' id='word_1_277' title='bbox 728 3853 927 3936; x_wconf 73' lang='lat' dir='ltr'>pollentibus.</span> <span class='ocrx_word' id='word_1_278' title='bbox 948 3853 1095 3920; x_wconf 78' lang='lat' dir='ltr'>Claudius</span> <span class='ocrx_word' id='word_1_279' title='bbox 1106 3850 1230 3922; x_wconf 75' lang='lat' dir='ltr'>‘Herios</span> <span class='ocrx_word' id='word_1_280' title='bbox 1244 3859 1383 3924; x_wconf 79' lang='lat' dir='ltr'>recedens</span> 
     </span>
    </p>
   </div>
   <div class='ocr_carea' id='block_1_10' title="bbox 145 3951 1380 4038">
    <p class='ocr_par' dir='ltr' id='par_1_14' title="bbox 145 3951 1380 4038">
     <span class='ocr_line' id='line_1_36' title="bbox 145 3951 1380 4038; baseline 0.009 -29"><span class='ocrx_word' id='word_1_281' title='bbox 145 4029 150 4038; x_wconf 39' lang='grc' dir='ltr'>Ι</span> <span class='ocrx_word' id='word_1_282' title='bbox 270 3952 385 4033; x_wconf 71' lang='lat' dir='ltr'>uesperi</span> <span class='ocrx_word' id='word_1_283' title='bbox 399 3951 599 4014; x_wconf 80' lang='lat' dir='ltr'>Numantinis</span> <span class='ocrx_word' id='word_1_284' title='bbox 612 3951 746 4015; x_wconf 79' lang='lat' dir='ltr'>incidit&#39;.</span> <span class='ocrx_word' id='word_1_285' title='bbox 762 3974 800 4016; x_wconf 83' lang='lat' dir='ltr'>uc</span> <span class='ocrx_word' id='word_1_286' title='bbox 814 3951 931 4035; x_wconf 82' lang='lat' dir='ltr'>(immo</span> <span class='ocrx_word' id='word_1_287' title='bbox 946 3955 995 4037; x_wconf 84' lang='grc'>04)</span> <span class='ocrx_word' id='word_1_288' title='bbox 1015 3956 1170 4020; x_wconf 66' lang='lat' dir='ltr'>Tectam</span> <span class='ocrx_word' id='word_1_289' title='bbox 1180 3977 1243 4038; x_wconf 80' lang='lat' dir='ltr'>pes·</span> <span class='ocrx_word' id='word_1_290' title='bbox 1257 3979 1380 4022; x_wconf 78' lang='grc'><strong>000000·</strong></span> 
     </span>
    </p>
   </div>
   <div class='ocr_carea' id='block_1_11' title="bbox 270 4042 1382 4234">
    <p class='ocr_par' dir='ltr' id='par_1_15' title="bbox 270 4042 1382 4234">
     <span class='ocr_line' id='line_1_37' title="bbox 270 4042 1382 4140; baseline 0.011 -33"><span class='ocrx_word' id='word_1_291' title='bbox 270 4047 362 4108; x_wconf 81' lang='lat' dir='ltr'>tioom</span> <span class='ocrx_word' id='word_1_292' title='bbox 371 4049 501 4129; x_wconf 80' lang='lat' dir='ltr'>protulit</span> <span class='ocrx_word' id='word_1_293' title='bbox 513 4045 665 4130; x_wconf 89' lang='lat' dir='ltr'>(Phorm.</span> <span class='ocrx_word' id='word_1_294' title='bbox 681 4070 702 4120; x_wconf 87' lang='lat' dir='ltr'>r,</span> <span class='ocrx_word' id='word_1_295' title='bbox 711 4046 740 4122; x_wconf 82' lang='lat'>3,</span> <span class='ocrx_word' id='word_1_296' title='bbox 749 4047 827 4132; x_wconf 82' lang='lat'>23),</span> <span class='ocrx_word' id='word_1_297' title='bbox 847 4042 932 4134; x_wconf 73' lang='lat' dir='ltr'>‘erpo</span> <span class='ocrx_word' id='word_1_298' title='bbox 946 4051 980 4112; x_wconf 81' lang='lat' dir='ltr'>ia</span> <span class='ocrx_word' id='word_1_299' title='bbox 993 4073 1062 4114; x_wconf 82' lang='lat' dir='ltr'>eum</span> <span class='ocrx_word' id='word_1_300' title='bbox 1075 4053 1185 4116; x_wconf 71' lang='lat' dir='ltr'>incidit</span> <span class='ocrx_word' id='word_1_301' title='bbox 1197 4053 1315 4134; x_wconf 87' lang='lat' dir='ltr'>(immo</span> <span class='ocrx_word' id='word_1_302' title='bbox 1329 4077 1382 4140; x_wconf 76' lang='lat' dir='ltr'>epo</span> 
     </span>
     <span class='ocr_line' id='line_1_38' title="bbox 271 4143 1380 4234; baseline 0.011 -29"><span class='ocrx_word' id='word_1_303' title='bbox 271 4177 311 4190; x_wconf 90' lang='lat'><em>-</em></span> <span class='ocrx_word' id='word_1_304' title='bbox 325 4143 421 4206; x_wconf 70' lang='lat' dir='ltr'>incedi</span> <span class='ocrx_word' id='word_1_305' title='bbox 434 4143 580 4227; x_wconf 82' lang='lat' dir='ltr'>locam)&#39;‚</span> <span class='ocrx_word' id='word_1_306' title='bbox 596 4156 753 4232; x_wconf 81' lang='lat' dir='ltr'>tamquam</span> <span class='ocrx_word' id='word_1_307' title='bbox 766 4147 800 4208; x_wconf 82' lang='lat' dir='ltr'>ia</span> <span class='ocrx_word' id='word_1_308' title='bbox 813 4169 879 4210; x_wconf 82' lang='lat' dir='ltr'>rem</span> <span class='ocrx_word' id='word_1_309' title='bbox 888 4149 1109 4232; x_wconf 71' lang='lat' dir='ltr'>pericolusam.</span> <span class='ocrx_word' id='word_1_310' title='bbox 1122 4149 1215 4234; x_wconf 87' lang='lat' dir='ltr'>apud</span> <span class='ocrx_word' id='word_1_311' title='bbox 1226 4152 1380 4233; x_wconf 72' lang='lat' dir='ltr'>Servium</span> 
     </span>
    </p>
   </div>
   <div class='ocr_carea' id='block_1_12' title="bbox 271 4239 1380 4337">
    <p class='ocr_par' dir='ltr' id='par_1_16' title="bbox 271 4239 1380 4337">
     <span class='ocr_line' id='line_1_39' title="bbox 271 4239 1380 4337; baseline 0.009 -33"><span class='ocrx_word' id='word_1_312' title='bbox 271 4239 316 4304; x_wconf 90' lang='lat' dir='ltr'>ad</span> <span class='ocrx_word' id='word_1_313' title='bbox 328 4239 410 4304; x_wconf 88' lang='lat' dir='ltr'>Aen.</span> <span class='ocrx_word' id='word_1_314' title='bbox 425 4261 470 4314; x_wconf 81' lang='lat' dir='ltr'>ru,</span> <span class='ocrx_word' id='word_1_315' title='bbox 479 4240 540 4305; x_wconf 84' lang='lat'>699</span> <span class='ocrx_word' id='word_1_316' title='bbox 556 4240 686 4307; x_wconf 88' lang='lat' dir='ltr'>Claudii</span> <span class='ocrx_word' id='word_1_317' title='bbox 701 4242 916 4330; x_wconf 82' lang='lat' dir='ltr'>Quadrigarii</span> <span class='ocrx_word' id='word_1_318' title='bbox 930 4247 1035 4310; x_wconf 85' lang='lat' dir='ltr'>verba</span> <span class='ocrx_word' id='word_1_319' title='bbox 1051 4247 1155 4312; x_wconf 86' lang='lat' dir='ltr'>hodie</span> <span class='ocrx_word' id='word_1_320' title='bbox 1174 4269 1245 4312; x_wconf 92' lang='lat' dir='ltr'>non</span> <span class='ocrx_word' id='word_1_321' title='bbox 1265 4249 1380 4337; x_wconf 84' lang='lat' dir='ltr'>legun·</span> 
     </span>
    </p>
   </div>
   <div class='ocr_carea' id='block_1_13' title="bbox 269 4339 1381 4500">
    <p class='ocr_par' dir='ltr' id='par_1_17' title="bbox 269 4339 1381 4500">
     <span class='ocr_line' id='line_1_40' title="bbox 269 4339 1381 4497; baseline 0.014 -98"><span class='ocrx_word' id='word_1_322' title='bbox 269 4343 327 4497; x_wconf 63' lang='lat' dir='ltr'>lm</span> <span class='ocrx_word' id='word_1_323' title='bbox 340 4385 348 4412; x_wconf 93' lang='lat'><strong>‚</strong></span> <span class='ocrx_word' id='word_1_324' title='bbox 363 4358 472 4422; x_wconf 87' lang='lat' dir='ltr'>neque</span> <span class='ocrx_word' id='word_1_325' title='bbox 489 4359 528 4402; x_wconf 88' lang='lat' dir='ltr'>ea</span> <span class='ocrx_word' id='word_1_326' title='bbox 541 4339 628 4404; x_wconf 88' lang='lat' dir='ltr'>iuter</span> <span class='ocrx_word' id='word_1_327' title='bbox 634 4342 814 4428; x_wconf 72' lang='lat' dir='ltr'>frcpmeata</span> <span class='ocrx_word' id='word_1_328' title='bbox 828 4342 1039 4410; x_wconf 76' lang='lat' dir='ltr'>tielmieorcm</span> <span class='ocrx_word' id='word_1_329' title='bbox 1054 4367 1140 4432; x_wconf 88' lang='lat' dir='ltr'>quae</span> <span class='ocrx_word' id='word_1_330' title='bbox 1157 4347 1316 4414; x_wconf 86' lang='lat' dir='ltr'>dicuntur</span> <span class='ocrx_word' id='word_1_331' title='bbox 1329 4370 1381 4414; x_wconf 89' lang='lat' dir='ltr'>re-</span> 
     </span>
     <span class='ocr_line' id='line_1_41' title="bbox 282 4436 503 4500; baseline 0.005 -1"><span class='ocrx_word' id='word_1_332' title='bbox 282 4443 339 4500; x_wconf 80' lang='lat' dir='ltr'>atu</span> <span class='ocrx_word' id='word_1_333' title='bbox 351 4436 503 4500; x_wconf 90' lang='lat' dir='ltr'>invenio.</span> 
     </span>
    </p>
   </div>
   <div class='ocr_carea' id='block_1_14' title="bbox 0 0 1490 5188">
    <p class='ocr_par' dir='ltr' id='par_1_18' title="bbox 0 0 1490 5188">
     <span class='ocr_line' id='line_1_42' title="bbox 0 0 1490 5188; baseline 0 2"><span class='ocrx_word' id='word_1_334' title='bbox 0 0 1490 5188; x_wconf 95' lang='lat' dir='ltr'> </span> 
     </span>
    </p>
   </div>
  </div>
 </body>
</html>
