2970 5268
277 419 344 488 138
804 419 868 488 1111

199 601 248 657 ’700
269 614 337 656 non
353 599 523 679 penetrat,
536 613 603 678 qua
618 614 685 657 vox
700 593 801 678 volgo
817 595 1013 678 sonitusque
1027 592 1197 658 feruntur.

272 728 375 792 quare
390 707 487 770 etiam
504 705 597 791 quod
612 707 681 770 olet
694 729 761 772 non
777 715 844 771 tam
859 707 955 771 facile
971 728 1044 772 esse
1059 707 1189 773 videbis

269 823 470 907 investigare
483 822 518 885 in
533 843 599 906 qua
612 821 657 885 sit
670 822 806 907 regione
821 821 982 887 locatum:

268 935 456 1021 refrigescit
471 936 556 1006 enim
571 935 760 1000 cunctando
775 935 875 1022 plaga
889 958 950 1021 per
963 957 1077 1012 auras,

269 1071 331 1114 nec
347 1049 455 1114 calida
469 1050 514 1113 ad
528 1071 660 1114 sensum
677 1050 860 1115 decurrunt
873 1050 1128 1114 nuntiatorum.

198 1183 246 1229 70⁵
270 1173 383 1230 errant
397 1185 499 1250 saepe
514 1187 614 1229 canes
628 1165 742 1250 itaque
757 1173 791 1230 et
807 1166 947 1251 vestigia
961 1175 1140 1250 quaerunt.

313 1278 404 1364 [Nec
419 1287 529 1343 tamen
542 1280 609 1343 boc
624 1280 704 1344 solis
718 1281 751 1343 in
767 1278 928 1344 odoribus
942 1288 1045 1366 atquc
1060 1301 1217 1367 saporum

269 1396 303 1458 in
318 1403 489 1481 generem,
501 1393 563 1458 sed
576 1395 655 1459 item
670 1395 800 1480 speeies
815 1416 924 1458 rerum
940 1403 1041 1480 atque
1057 1395 1189 1459 colores

270 1531 339 1574 non
353 1510 400 1573 ita
414 1510 618 1573 conveniunt
631 1508 675 1573 ad
690 1530 809 1572 sensus
824 1509 977 1573 omnibus
993 1531 1127 1584 omnes,

268 1632 306 1688 ut
320 1645 388 1687 non
403 1624 469 1687 sint
483 1623 554 1686 abis
569 1622 735 1708 quaedam
748 1624 853 1709 magis
867 1623 957 1688 acria
971 1625 1060 1687 visu.

167 1742 174 1753 '
196 1755 247 1801 710
269 1738 349 1822 quin
365 1738 462 1802 etiam
477 1723 614 1823 gallum,
626 1745 759 1802 noctem
775 1737 1055 1824 explaudentibus
1070 1740 1130 1803 alis

170 1859 177 1871 “
235 1889 240 1900 ·
269 1872 423 1918 euroram
438 1853 528 1918 clara
543 1859 737 1916 consuetum
751 1873 836 1916 vcce
850 1873 986 1926 vocare,

268 1988 380 2031 noenu
394 1973 522 2052 queunt
535 1965 644 2031 rabidi
659 1975 776 2031 contra
791 1975 947 2031 constare
960 1967 1077 2031 leones

267 2081 368 2167 inque
383 2081 484 2146 tucri:
497 2082 545 2146 ita
560 2081 718 2146 continuo
733 2081 910 2145 meminere
924 2081 1030 2168 fugai,

266 2197 301 2259 ni
315 2197 430 2260 mir-um
441 2246 448 2272 ‚
460 2197 538 2282 quia
551 2205 631 2261 sunt
644 2195 806 2282 gallorum
820 2197 854 2260 in
870 2217 1013 2282 corpore
1028 2195 1192 2281 quaedam

196 2327 244 2373 715
266 2313 408 2386 semina,
419 2332 505 2396 quae
520 2333 594 2375 cum
609 2319 688 2375 sunt
702 2311 807 2376 oculis
821 2312 956 2376 inmissa
969 2310 1117 2383 leonum,

266 2426 410 2512 pupillas
424 2427 510 2490 inter
524 2424 658 2490 fodiunt
672 2446 849 2510 acremque
864 2425 1014 2490 dolorem

266 2541 446 2624 praebent,
457 2547 496 2603 ut
509 2545 680 2623 nequeant
694 2547 812 2603 contra
827 2537 948 2604 durare
962 2539 1110 2615 ferocem

268 2675 342 2717 cum
357 2663 469 2716 tamen
482 2652 566 2716 haee
580 2659 714 2716 nostras
728 2654 817 2717 acics
832 2654 879 2717 nil
892 2653 1026 2718 laedere
1040 2655 1186 2739 possint,

266 2775 325 2830 aut
338 2767 417 2852 quia
430 2788 499 2830 non
513 2773 708 2852 penetrant,
720 2774 779 2832 aut
793 2767 887 2853 quod
902 2769 1155 2854 penetrantibus
1168 2769 1232 2834 illis

194 2899 244 2946 720
267 2882 374 2946 exitus
390 2903 432 2945 ex
447 2881 551 2946 oculis
566 2880 649 2944 liber
664 2880 763 2946 datur
773 2931 780 2956 ‚
791 2883 825 2946 in
839 2882 1041 2948 remorando

265 2995 399 3060 laedere
413 3018 455 3060 ne
470 2997 601 3084 possint
616 3018 658 3060 ex
672 2997 740 3061 ulla
753 2998 875 3062 lumina
889 2999 1020 3083 parta]

306 3111 405 3176 Nunc
421 3132 483 3198 age
493 3161 500 3188 ‚
512 3133 598 3197 quae
613 3120 770 3176 moveant
784 3113 926 3177 animum
941 3136 995 3178 res
1011 3113 1141 3198 accipe,
1153 3121 1188 3175 et
1200 3111 1290 3177 unde

266 3249 352 3313 quae
366 3228 505 3291 veniunt
518 3228 654 3292 veniant
667 3228 701 3290 in
715 3235 860 3290 mentem
874 3228 1010 3312 percipe
1025 3227 1155 3314 paucis.

264 3342 428 3426 principio
443 3341 509 3404 hoc
525 3339 600 3404 dico
610 3389 617 3414 ‚
629 3361 740 3403 rerum
755 3340 931 3408 simulacra
943 3340 1058 3424 vagari

192 3471 241 3517 725
263 3455 367 3519 multa
380 3453 495 3518 modis·
503 3454 614 3518 multis
627 3455 663 3516 in
678 3460 816 3517 cunctas
830 3450 979 3536 undique
993 3455 1100 3538 partis

263 3569 375 3632 tenvia
386 3617 393 3644 ,
403 3587 489 3653 quae
503 3566 601 3630 facile
614 3569 702 3630 inter
716 3587 753 3630 se
766 3567 951 3652 iunguntur
964 3565 998 3630 in
1014 3569 1117 3645 auris,

264 3683 452 3747 ebriacum
467 3682 620 3756 veniunt,
631 3690 670 3745 ut
684 3701 806 3745 aranea
818 3682 1018 3767 bratteaque
1034 3685 1122 3774 auri.

260 3797 388 3883 quippe
403 3797 524 3860 etenim
536 3797 641 3860 multo
655 3797 759 3881 magis
774 3795 858 3860 haec
873 3806 951 3861 sunt
965 3799 1078 3862 tenvia
1093 3806 1186 3862 textu

264 3931 363 3997 quam
378 3933 464 3997 quae
479 3912 668 3999 percipiunt
682 3911 799 3976 oculos
814 3913 987 3997 visumque
1001 3913 1187 3986 lacessunt,
1217 3901 1219 3904 ¹

190 4043 240 4090 730
263 4027 415 4113 corporis
429 4026 514 4090 baec
529 4027 685 4111 quoniam
700 4035 879 4112 penetrant
893 4048 953 4112 per
968 4049 1045 4092 rara
1055 4073 1062 4100 ,
1074 4027 1229 4112 cientque

263 4148 395 4206 tenvem
410 4141 510 4206 animi
523 4131 677 4205 naturam
691 4141 780 4206 intus
796 4163 996 4227 sensumque
1011 4142 1197 4206 lacessunt.

264 4391 314 4440 710
334 4387 403 4452 Qum
424 4389 433 4457 Η
453 4387 675 4458 explendentibus
695 4390 704 4452 ii
723 4397 771 4442 712
790 4387 875 4458 rapidi
893 4390 902 4457 j!
924 4395 972 4440 719
991 4387 1056 4442 ilus.
1076 4391 1085 4454 Η
1104 4394 1151 4441 721
1172 4388 1232 4442 uilla
1252 4393 1261 4456 Η
1282 4397 1330 4444 730
1349 4411 1391 4444 arc
