2972 5188
240 431 312 498 248
515 437 518 444 ⁴
769 423 819 492 IV

242 601 403 668 Claudius
418 598 589 666 Sacerdos
603 599 638 664 in
657 599 743 664 libro
759 598 867 684 primo
883 597 983 682 p.44‚
1004 598 1063 663 nbi
1078 597 1122 662 de
1136 596 1364 684 synecdoche

242 703 331 788 agit,
347 701 434 766 haec
446 702 569 772 hebet,
588 699 650 763 Per
662 700 698 762 id
710 699 792 786 qitod
804 699 917 762 dicitur
930 697 1009 762 illud
1021 698 1104 784 qarod
1115 699 1271 783 sequitur.
1288 698 1365 762 Rex
1459 721 1460 784 Ῑ

243 799 348 863 ambas
360 799 442 862 ultre
453 798 576 885 fossam
595 798 725 860 retiam
739 797 855 880 coepit:
875 795 1057 860 subauditur
1076 796 1157 859 enim
1169 817 1300 858 mareas.
1325 795 1363 858 in
1459 787 1460 790 ¹

242 897 311 960 hoc
324 917 442 964 versu.
463 916 561 979 quom
576 894 676 958 Ennii
691 899 883 977 aesopum,
898 890 1184 958 vindobonenses
1198 901 1295 957 recte
1309 892 1363 956 fe·

244 1005 365 1062 cerunt
384 995 507 1068 ambae,
530 1015 604 1058 cum
623 994 658 1056 in
674 992 792 1057 codice
813 997 905 1057 esset
919 1015 1029 1056 amatr:
1049 990 1111 1055 sed
1131 992 1263 1058 retinere
1277 991 1361 1054 mihi

245 1095 423 1158 obscurum
440 1101 511 1166 est,
534 1090 628 1176 quod
642 1091 700 1156 vix
713 1091 827 1175 potuit
842 1089 932 1154 aliud
949 1111 1023 1155 esse
1039 1111 1139 1176 quam
1152 1091 1364 1175 praevide-e.-

242 1192 310 1256 hoc
321 1199 432 1254 autem
444 1189 593 1254 admisso
606 1190 778 1254 evanescit
788 1188 1006 1275 trisyllabon.
1021 1188 1178 1252 Plautina
1189 1186 1361 1272 quaedam

242 1289 343 1354 huius
354 1289 523 1376 trisyllabi
534 1288 688 1374 exempla
697 1287 904 1352 Ritschelius
915 1287 961 1352 ad
969 1287 1201 1352 Trinummum
1211 1307 1245 1371 p.
1252 1309 1361 1350 cmi
1459 1315 1460 1320 κ

244 1409 332 1478 vana
347 1386 461 1472 specie
475 1385 593 1452 fallere
607 1387 746 1452 statuit.
767 1385 857 1451 idem
872 1395 983 1450 tamen
999 1384 1093 1470 quod
1110 1386 1200 1450 hanc
1214 1383 1361 1448 formam
1459 1427 1460 1482 t

245 1487 408 1550 rationem
419 1484 678 1578 habere-negat,
692 1485 773 1549 mihi
784 1506 853 1549 non
863 1483 1065 1570 persuadet:
1079 1505 1157 1547 nam
1172 1483 1216 1547 ab
1228 1483 1363 1568 apiendo
1459 1483 1460 1528 l

245 1591 285 1647 ut
294 1583 332 1646 fit
343 1585 452 1668 copula
460 1631 469 1663 ‚
483 1582 532 1646 ita
547 1592 665 1668 notiore
676 1584 806 1668 coepisse
818 1593 971 1668 coeptum
987 1581 1139 1666 equibus
1149 1582 1281 1666 caepim
1291 1601 1361 1643 non
1459 1643 1460 1646 ,

245 1681 355 1744 minus
369 1687 463 1744 recte
478 1701 578 1765 quam
599 1689 713 1746 cetera
728 1678 885 1746 contrahi
903 1680 1017 1766 potuit
1036 1701 1077 1744 eo
1092 1679 1195 1744 modo
1211 1699 1311 1764 quem
1324 1679 1361 1740 in

189 1859 194 1871 α
248 1780 387 1844 cosmate
400 1779 592 1844 notavimus
607 1779 693 1846 libro
710 1792 747 1854 n‚‘
760 1781 859 1844 1061.
881 1780 924 1844 ab
941 1800 981 1843 oo
997 1785 1108 1842 autem
1124 1776 1218 1863 quod
1234 1786 1290 1840 est
1303 1799 1361 1861 ep-
1459 1859 1460 1864 ἵ

246 1888 313 1940 tore
326 1875 402 1940 Afri
416 1877 569 1942 iecerunt
583 1886 744 1963 cooptare,
758 1899 828 1941 non
844 1889 994 1942 veteres.

330 1973 401 2036 622.
423 1996 641 2038 nnnnnrss
664 1995 850 2040 consona
874 1996 983 2040 socr.
1007 1973 1171 2038 Marullus
1193 1995 1362 2037 nanus-

248 2095 311 2138 rrs
323 2121 331 2136 .
344 2071 447 2156 paulo
464 2079 543 2136 ante
558 2095 629 2135 rare
645 2073 828 2158 oblongus,
842 2097 918 2138 raro
932 2071 1137 2159 quadratus.

331 2169 401 2234 624.
423 2169 581 2234 Unrnsr
602 2191 758 2233 arnone
781 2193 934 2235 oracun
956 2191 1165 2235 sonsum
1180 2189 1360 2236 rsnrns.

247 2267 326 2332 Itali
348 2267 487 2354 Unrnn
510 2289 704 2332 arnonas.
726 2267 874 2332 sed'hoc
896 2271 979 2334 satis
1000 2277 1071 2334 est:
1098 2269 1205 2333 amida
1225 2268 1359 2352 linguae

249 2364 375 2448 templa
396 2363 514 2428 eadem
533 2365 677 2428 eudomio
690 2365 725 2427 in
739 2385 807 2428 uno
830 2363 1016 2449 eodemque
1031 2368 1195 2431 orationis
1210 2367 1359 2430 membro
1459 2427 1460 2430 ,

249 2463 347 2526 nimis
361 2461 502 2525 moleste
522 2459 697 2526 dicuntur.
719 2462 820 2549 longe
835 2464 947 2550 aptius
967 2464 1053 2528 haec
1067 2464 1111 2528 ad
1131 2465 1204 2528 suci
1219 2485 1360 2548 corpus-
1459 2451 1460 2454 ¹

251 2558 327 2625 cula
341 2557 542 2638 referemus,
564 2560 676 2623 Umida
686 2561 804 2644 linquat
815 2563 931 2626 circum
946 2584 1140 2625 sinrsrra
1155 2563 1283 2647 mesple.
1298 2564 1360 2625 Ar·

251 2655 374 2719 nobius
389 2655 424 2718 in
439 2678 473 2735 11,
488 2677 520 2740 p.
528 2656 569 2720 46
583 2657 743 2720 radiorum
756 2669 785 2721 et
797 2659 873 2722 lituis
887 2661 1047 2724 lineatione
1061 2661 1235 2739 videorne,
1257 2685 1299 2724 aar
1313 2683 1360 2722 re-

251 2775 322 2818 ram
336 2753 496 2839 imagines
512 2755 649 2819 adeelerat
662 2766 690 2818 el
702 2757 812 2820 nesab
825 2757 859 2819 ia
867 2759 995 2842 pupulis
1006 2756 1138 2832 sidant3
1152 2767 1255 2821 utram
1268 2781 1360 2844 sapor

252 2853 286 2916 in
299 2852 388 2917 rebus
407 2855 447 2916 eil
460 2877 501 2916 aa
515 2854 619 2938 palati
632 2854 857 2938 conwyionibar
868 2855 949 2943 fiat.
970 2852 1060 2918 infra
1076 2853 1156 2920 1092
1177 2853 1221 2920 de
1236 2855 1312 2918 cibo
1327 2863 1361 2917 et

252 2973 369 3017 umora
394 2951 480 3032 Quae
499 2955 644 3040 quonium
664 2963 763 3017 catos
777 2963 905 3038 pessimi
925 2953 1058 3017 obsidem
1073 2955 1194 3038 portas.
1216 2952 1361 3033 Lucilius

253 3053 345 3138 apud
359 3049 505 3116 Nonium
518 3073 551 3136 p.
560 3049 661 3129 458,8
686 3050 815 3129 Quodsi
828 3051 915 3114 niella
925 3061 1025 3135 potest
1036 3051 1147 3116 verder
1160 3063 1223 3115 tom
1237 3073 1360 3136 corpore

253 3152 330 3215 daero
346 3149 439 3228 Esse,
458 3161 559 3213 tomen
573 3161 673 3213 latero
686 3159 809 3212 maneat
822 3150 896 3235 quin
911 3149 998 3233 (libri
1013 3149 1083 3235 que)
1096 3149 1179 3214 sacu'
1194 3151 1307 3214 lacerto
1320 3147 1361 3212 Et

252 3272 382 3312 amnone
396 3248 470 3310 uber
484 3246 580 3326 (libri
594 3269 704 3310 inanes
717 3247 821 3332 uberi)
835 3248 962 3311 hctoati
975 3249 1008 3310 in
1021 3249 1139 3311 anniae
1151 3247 1248 3312 udat.

336 3345 407 3408 631.
428 3365 579 3406 ornans
602 3365 765 3408 rossus.
786 3345 1032 3410 ltalirossrs.

336 3441 1360 3509 632.srsr0nacnrunrnunssnvnnnrsnonrndlla·
1459 3515 1460 3518 Ἴ

254 3540 359 3605 rullus
373 3540 559 3613 humectam,
575 3540 658 3602 satis
673 3540 775 3615 benc,
790 3541 855 3606 nisi
870 3541 985 3606 melius
1000 3551 1092 3606 esset
1105 3543 1335 3606 unruoiun.

337 3637 407 3702 633.
430 3637 547 3702 Nunc
569 3659 680 3700 sarrs
702 3661 823 3702 sarus
842 3662 907 3716 eur
930 3662 993 3703 srr
1016 3661 1132 3704 creos
1153 3661 1202 3702 or
1224 3661 1360 3726 vineti·

254 3761 346 3812 nus,
360 3735 596 3802 Exrsnrnn.
612 3735 759 3801 Primum
775 3737 831 3800 hic
847 3747 905 3802 aut
916 3737 1091 3824 Expede'am
1103 3759 1207 3822 super
1222 3747 1291 3813 est,
1306 3749 1362 3802 aut

253 3847 287 3900 ut
305 3837 477 3910 videamus,
500 3841 535 3900 et
555 3835 704 3900 molestis
727 3837 924 3922 ambagibus
946 3837 1004 3900 vix
1027 3836 1216 3922 explicatur
1237 3838 1361 3902 oratio.

255 3932 378 3997 deinde
392 3935 578 3998 verendum
594 3941 699 3998 estne
714 3933 800 3998 hacc
814 3934 910 3998 nimis
924 3933 1075 3998 brevitor
1090 3933 1265 3998 enuntiate
1279 3935 1360 4006 sint,

255 4031 308 4116 qui
322 4031 392 4094 aliis
406 4031 486 4094 alius
504 4033 587 4094 cibes
600 4033 640 4095 sit
649 4057 659 4095 :
681 4031 822 4096 certain
837 4055 882 4110 vr,
892 4033 972 4106 773,
993 4032 1052 4096 ubi
1070 4053 1134 4096 nos
1149 4032 1195 4098 ad
1209 4031 1300 4097 hunc
1314 4033 1360 4096 lo·

255 4150 327 4192 cum
343 4129 500 4202 remittit,
516 4128 621 4193 multo
636 4130 767 4214 plenius
780 4129 867 4210 dixit
878 4131 922 4196 Et
933 4117 1033 4216 meeis
1043 4153 1104 4195 esse
1119 4132 1190 4195 aliis
1201 4133 1282 4196 alios
1295 4133 1360 4195 aaa·

255 4226 405 4290 inaruibar
419 4235 505 4310 aplos
520 4227 583 4290 Res
597 4228 640 4291 od
651 4229 724 4292 vitai
737 4229 885 4292 rationem
904 4229 1086 4293 ostendimur
1099 4241 1187 4293 ante.
1208 4227 1362 4292 manifes-

255 4335 324 4388 tum
339 4331 392 4388 est
406 4323 540 4408 utrique
555 4325 636 4390 vitio
651 4347 750 4390 unam
763 4325 972 4411 eandemque
986 4325 1185 4390 medicinam
1200 4325 1361 4391 adhiben-

254 4421 332 4485 dam
347 4443 440 4486 esse:
464 4443 526 4488 nec
541 4423 620 4488 mihi
635 4423 771 4490 videtur
786 4425 964 4510 quicquam
978 4423 1121 4490 inveniri
1135 4445 1256 4508 posse,
1272 4421 1360 4510 quod
