3034 5204
666 505 713 603 ¹1
1219 513 1261 583 17

49 729 58 742 ·
148 685 305 771 lepdimis,
325 707 345 748 u
364 695 478 748 stateem
499 705 617 746 arcana
636 683 771 770 quodam
790 679 908 747 ratione
922 681 1092 768 dispositum·
1112 697 1145 750 rit
1157 697 1267 754 tractat

151 784 331 862 Dalmatius,
348 781 402 868 qui
415 781 489 846 dicit
500 782 650 844 rationem
663 781 744 845 lanc
757 803 796 844 ea·
810 780 942 845 cethemo
956 783 1058 846 colore
1072 784 1264 854 descendere.

198 880 200 886 ’
237 881 289 946 ll.
310 879 367 943 Er
391 899 602 942 susurrare
625 899 751 940 v1oar
774 899 1043 944 onurrnurnrs
1066 905 1172 948 suna
1196 909 1264 950 nn·

150 999 269 1042 vosr.
290 976 391 1042 Hunc
410 975 544 1040 versum
565 975 686 1039 litteris
706 974 895 1040 uncialibus
915 977 1076 1062 scriptum
1098 983 1264 1070 oblongus

150 1077 270 1152 habet,
285 1075 348 1140 sed
359 1081 569 1149 atrament03
583 1095 718 1138 versum
731 1095 870 1138 numero
881 1074 961 1150 411,
976 1075 1045 1141 Hoc
1058 1080 1126 1160 tibi,
1141 1075 1265 1150 litteris

151 1175 340 1252 uncialibus
353 1173 490 1238 rubrica
505 1172 621 1257 pictis.
639 1173 811 1258 partiabilis
825 1178 937 1236 autem
952 1181 1086 1240 veteres
1100 1183 1265 1246 membra·-
1336 1175 1338 1180 ’

151 1295 234 1349 uae,
253 1272 421 1337 Antonius
434 1271 555 1344 Marii,
573 1269 760 1335 Brixiensis
775 1270 898 1347 editio,
919 1271 1103 1339 Marullus:
1123 1281 1266 1363 periretis

150 1370 359 1436 Veronensis
382 1369 486 1434 editio
508 1376 543 1432 et
562 1367 719 1433 Veneta.
742 1368 809 1433 lroc
832 1370 1038 1456 typographi
1057 1372 1265 1443 Veronensis

150 1476 328 1555 peccatum
343 1466 573 1532 Wakefieldus
590 1471 664 1531 cum
678 1467 712 1530 in
730 1466 906 1531 Vossianis
922 1489 997 1532 esse
1013 1469 1113 1547 (licit,
1135 1473 1265 1541 Hauer-

152 1568 261 1653 campi
283 1563 417 1631 silentio
432 1587 499 1630 uon
515 1573 608 1631 recte
623 1564 795 1630 intellecto
810 1565 937 1630 fallitur
951 1575 990 1630 ut
1003 1567 1125 1636 homo:
1146 1573 1278 1658 Forbi-¹

151 1667 224 1754 gari
243 1665 476 1752 neglegentiae
490 1663 587 1728 venia
605 1663 719 1728 danda
733 1683 801 1727 non
818 1669 889 1736 est,
906 1665 967 1750 qui
984 1683 1057 1730 ctam
1073 1689 1133 1733 sua
1149 1691 1190 1735 ex
1205 1673 1265 1739 ali·

152 1785 249 1828 orum
255 1764 351 1828 libris
359 1763 545 1835 exscribat,
559 1761 802 1826 debebat-scire
811 1760 901 1826 uude
911 1769 1265 1837 esseutexsoribenda.

151 1861 214 1928 sed
228 1860 284 1926 ille
298 1861 366 1926 hoc
381 1863 505 1948 agebat
519 1869 558 1925 ut
569 1859 693 1925 Gifanii
708 1867 744 1924 et
753 1858 936 1925 Abrahami
948 1861 1097 1952 Preigeri
1111 1871 1264 1956 exenrplo

152 1982 271 2026 versus
284 1959 513 2024 inmodulatos
528 1959 605 2024 huic
618 1965 740 2045 politae
752 1958 954 2045 adtingeret.
970 1961 1080 2028 Ennio
1092 1967 1178 2030 enim
1191 1991 1264 2032 cum

151 2059 295 2124 tlittcra
315 2065 458 2144 propter
480 2057 635 2122 duritiem
658 2058 693 2121 iu
713 2058 778 2121 fine
799 2057 1040 2124 vocabulorum
1055 2065 1192 2148 ancipiti
1207 2087 1265 2130 na·

152 2167 230 2223 tura
244 2177 319 2221 esse
333 2155 507 2220 videretur
521 2155 676 2240 (dicebat
692 2157 794 2230 enim,
810 2163 911 2240 put0‚
926 2159 1008 2242 qaod
1020 2161 1054 2222 id
1063 2159 1148 2225 houd
1156 2163 1190 2226 in
1201 2165 1266 2229 fine

141 2268 237 2321 'sono
251 2254 459 2337 lenissimo),
477 2241 556 2318 huic
571 2274 652 2318 saue
666 2253 762 2316 licuit
776 2252 861 2316 haec
876 2254 1041 2331 scribere,
1057 2257 1159 2347 Infito
1174 2263 1266 2342 eires,

151 2366 219 2419 aler
238 2363 311 2418 esset
327 2353 546 2438 induperator,
568 2373 706 2416 ratmores
714 2351 848 2436 pollebat
860 2361 929 2416 arde
941 2353 1067 2417 salutem
1079 2381 1089 2416 .·
1109 2355 1171 2420 sed
1185 2367 1267 2445 post

151 2451 295 2516 Ennium
315 2471 425 2535 neque
441 2449 560 2514 Cicero
579 2451 615 2512 in
635 2471 754 2512 versus
770 2449 916 2532 speciem
930 2449 1069 2527 incidit,
1091 2475 1164 2518 cum
1181 2455 1268 2522 dixit

151 2551 186 2616 in
208 2549 393 2616 Miloniana
413 2549 452 2613 54
474 2561 574 2612 tamea
595 2557 759 2633 appareret
777 2557 845 2610 sitm
865 2547 939 2610 esset
957 2549 1135 2632 insidiator,
1156 2575 1266 2642 neque

153 2655 276 2736 positae
297 2646 362 2712 illis
383 2645 501 2711 similia
522 2653 581 2708 aut
599 2645 636 2709 iu
656 2656 668 2709 t
686 2644 802 2709 littera
822 2652 880 2710 aut
898 2645 933 2708 in
948 2648 1071 2713 ceteris
1086 2652 1156 2715 ausi
1172 2664 1266 2719 sunt.

153 2747 245 2836 apud
259 2745 406 2812 Nouium
420 2767 452 2832 p.
461 2744 539 2819 449,
555 2745 593 2808 31
611 2743 728 2808 Lucilii
750 2755 869 2808 versus
888 2744 937 2808 ita
958 2746 1105 2832 scriptus
1121 2759 1191 2827 est,
1214 2753 1266 2818 In-

152 2855 285 2925 termut,
306 2845 466 2918 tantam,
486 2853 596 2906 matur
616 2844 719 2907 omnio
738 2864 878 2924 eorsum
899 2842 958 2905 ubi
978 2845 1152 2912 verissime
1174 2851 1268 2917 docti

154 2955 224 3008 mut
235 2964 359 3006 rursum
373 2943 476 3006 omnio
486 2963 623 3004 ameum.
637 2940 672 3003 iu
683 2938 818 3003 Horatii
830 2939 1012 3004 carminum
1024 2965 1077 3018 111,
1090 2945 1124 3020 5,
1140 2947 1176 3008 17
1188 2949 1268 3013 mihi

153 3040 290 3107 videtur
307 3039 522 3104 scribendum
538 3059 613 3102 esso
629 3037 667 3100 Si
680 3059 742 3100 non
750 3039 871 3122 per-ires
885 3038 1117 3119 inmiserabilis,
1141 3043 1268 3130 Captiva

148 3141 262 3228 prebes,
277 3159 345 3202 non
356 3139 493 3223 periret:
505 3135 574 3201 hoc
586 3136 673 3200 enim
684 3135 832 3199 vocativi
843 3155 950 3221 genus
960 3137 1071 3220 poetis
1084 3159 1185 3226 saepe
1197 3163 1268 3206 res·

154 3237 343 3301 tituendum
367 3243 438 3310 est,
458 3243 496 3300 ut
517 3235 646 3300 Sereno
661 3233 841 3298 Samonico
858 3231 938 3308 533,
962 3233 1109 3323 Quodque
1128 3241 1187 3303 ruis
1205 3263 1267 3305 me.

155 3337 218 3399 lius
239 3334 507 3412 valedicemus,
528 3333 660 3412 Horati,
682 3332 740 3396 ubi
760 3330 861 3416 vulgo
882 3328 1004 3416 legitur
1030 3329 1177 3424 Quodque
1196 3342 1269 3406 aare

154 3433 281 3498 ineius.
299 3431 476 3496 Lucretius
491 3453 573 3495 vero
589 3451 698 3516 neque
711 3430 807 3508 illam¹
815 3427 916 3493 Ennii
931 3451 1041 3515 neque
1056 3433 1153 3498 aliam
1170 3437 1270 3502 ullam

154 3534 191 3597 in
205 3531 360 3597 versibus
370 3529 536 3617 lingendis
548 3531 714 3595 licentiam
727 3528 879 3603 admisit,
895 3528 972 3604 sed,
988 3531 1082 3616 quod
1093 3540 1269 3618 poetarum

156 3629 281 3696 saeculi
296 3629 339 3694 ab
354 3631 438 3694 urbe
454 3628 591 3693 condita
606 3627 739 3713 septimi
750 3626 924 3713 proprium
935 3634 1004 3703 est,
1020 3631 1129 3694 omnia
1142 3632 1186 3697 ad
1197 3655 1269 3700 oer-

155 3737 211 3792 tae
229 3728 365 3814 regulae
386 3728 500 3812 exegit
520 3726 755 3799 severitatem,
779 3747 799 3788 a
820 3747 888 3810 qua
907 3727 1035 3811 primus
1054 3728 1172 3806 Marc,
1194 3753 1269 3798 eum

156 3826 310 3892 studeret
331 3823 518 3912 elegantiae
539 3831 574 3887 et
590 3823 828 3897 concinnitati,
848 3823 984 3909 paulum
998 3825 1148 3890 remisit.
1170 3850 1270 3914 quam

156 3924 201 3988 ob
215 3944 286 3988 rem
300 3944 430 3988 summa
440 3943 548 4007 nuper
557 3921 638 3986 huic
650 3927 772 4008 potitae
785 3943 805 3983 a
815 3919 1003 3985 Theodoro
1014 3920 1180 4008 Berglrio‚
1195 3929 1269 3994 viro
1306 3960 1310 3966 ·

157 4021 372 4096 doctissimo,
386 4020 479 4086 facta
489 4020 608 4085 iniuria
621 4027 690 4094 est,
703 4040 777 4082 cum
789 4039 863 4082 eum
875 4027 1045 4104 tamquam
1056 4020 1200 4088 Ennium
1212 4029 1270 4092 ali·

156 4140 256 4204 quem
268 4119 391 4204 inperio
405 4120 593 4198 monimum,
615 4127 681 4182 crte
694 4117 802 4181 amem
816 4114 921 4180 fuisse
936 4115 1039 4181 dixit.
1060 4119 1127 4185 hoc
1143 4143 1184 4186 ne
1199 4123 1271 4188 Ho-

154 4217 262 4282 ratius
277 4216 413 4303 quidem
429 4225 488 4281 aut
500 4216 658 4289 Ovillius,
674 4215 826 4301 quamvis
839 4213 930 4277 illam
946 4213 1076 4280 dulcem
1092 4229 1125 4285 et.
1135 4242 1272 4307 gravem

156 4337 232 4380 cum
247 4315 484 4408 ornatu-quasi
499 4316 649 4380 oratorio
665 4313 911 4400 simplicitatem
927 4326 1204 4398 aspernarentur,
1222 4319 1271 4382 di·

155 4433 235 4478 cere
257 4435 414 4500 umquam
440 4414 511 4478 ausi
534 4422 635 4477 suut:
659 4411 885 4493 Quintilianus
909 4433 1044 4498 quoque
1065 4413 1272 4490 Lucretium,

155 4515 312 4597 quamvis
327 4513 486 4602 difficilem
506 4511 569 4596 (ad
582 4510 862 4596 intellegendum,
882 4519 983 4595 puto,
1000 4533 1119 4596 parum
1135 4514 1273 4578 attentis
1394 4575 1404 4588 „

1056 4609 1076 4671 2
