2970 5268
638 439 685 509 ,V

73 633 151 696 quse
168 633 342 698 cumque
356 613 445 677 inter
461 591 498 675 se
511 623 654 699 possent
669 635 851 698 congresse
866 635 995 685 creare,

73 743 271 812 propterea
289 727 334 792 fit
348 729 398 792 uti
411 749 565 813 maguum
579 728 715 814 volgata
729 750 789 815 per
805 750 922 793 aevom

69 863 163 904 omne
178 863 318 928 genus
334 849 453 907 coetus
468 850 502 906 et
514 849 625 906 motus
643 843 852 928 experiundo

70 955 211 1020 tandem
232 958 457 1022 convenient
471 979 510 1021 ea
524 979 611 1042 quse
626 966 790 1023 convecta
803 967 942 1044 repente

30 1089 48 1120 υ
65 1093 294 1156 magnarum
307 1093 421 1135 rerum
435 1072 519 1138 fiunt
534 1071 675 1136 exordia
689 1093 837 1159 semper,

65 1187 167 1248 terrai
184 1187 316 1250 maris
332 1195 367 1251 et
381 1186 463 1250 caeli
477 1187 677 1273 generisque
692 1179 911 1250 animantum.

101 1299 175 1364 Hic
192 1323 332 1387 neque
347 1310 417 1366 tum
432 1302 511 1366 solis
526 1310 602 1366 rote
617 1302 708 1364 cerni
722 1301 843 1365 lumine
857 1302 951 1388 largo

65 1413 276 1480 altivolans
292 1424 429 1503 poteret
442 1437 503 1480 nec
518 1417 628 1503 magni
643 1415 756 1480 sidera
769 1416 883 1481 mundi

65 1551 125 1592 nee
142 1554 265 1596 mare
283 1552 347 1595 nec
362 1531 488 1596 ceelum
502 1553 564 1595 nec
581 1531 725 1617 denique
739 1541 832 1596 terre
845 1553 956 1619 neque
971 1539 1028 1598 altr

24 1660 50 1697 Δι’»
68 1665 131 1708 nec
149 1647 294 1710 similis
309 1647 434 1712 nostris
448 1648 549 1712 rebus
563 1667 620 1710 res
634 1645 701 1710 ulla
715 1633 836 1723 videri,

66 1759 129 1822 sed
146 1783 267 1826 nova
282 1769 465 1849 tempestas
481 1761 644 1848 quaedam
658 1762 830 1848 molesque
845 1771 963 1828 coorta

69 1897 177 1939 omne
196 1898 320 1963 genus
336 1875 379 1940 de
395 1877 580 1962 principiis,
593 1875 762 1941 discordie
777 1899 918 1963 quorum

69 1989 278 2055 intervalla
293 1993 366 2056 vies
381 2011 529 2056 conexus
544 1991 696 2080 pondere
711 1993 827 2078 plagas

73 2125 286 2170 concursus
300 2115 411 2171 motus
425 2107 584 2171 turbabat
598 2107 726 2193 proelia
740 2109 897 2182 misoenS,

72 2231 241 2307 propter
256 2220 423 2286 dissimilis
438 2221 563 2287 formas
577 2223 754 2307 variusque
769 2222 892 2310 figures

77 2335 181 2418 quod
198 2357 278 2400 non
294 2336 403 2400 omnia
418 2337 466 2401 sic
480 2345 642 2424 poterant
655 2338 836 2402 coniuncte
849 2359 983 2403 manere

30 2461 60 2503 io
79 2469 146 2514 nec
161 2460 287 2516 motus
301 2452 389 2516 inter
403 2471 478 2517 sese
494 2451 575 2516 dare
590 2453 835 2518 convenientis.

30 2573 60 2616 ⁴³?
82 2561 264 2654 diffugere
278 2565 356 2631 inde
371 2567 436 2632 loci
450 2575 564 2654 partes
580 2589 739 2654 coepere,
750 2589 918 2655 paresque

85 2701 165 2746 cum
182 2682 328 2770 peribus
341 2683 433 2769 iungi
447 2703 503 2747 res
518 2690 552 2747 et
567 2681 755 2748 discludere
769 2684 929 2750 mundum

84 2800 316 2883 membraque
331 2797 482 2863 dividere
497 2805 531 2862 et
544 2819 682 2885 magnes
698 2799 876 2884 disponere
892 2811 1023 2886 partes,

37 2923 68 2966 ct
87 2909 159 2977 hoc
178 2923 254 2988 est,
265 2935 286 2977 e
299 2914 399 2979 terris
414 2914 516 2979 altum
531 2934 707 2978 secernere
722 2913 864 2987 caelum,

13 3033 16 3114 '1
90 3039 125 3092 et
140 3050 283 3094 sorsum
297 3050 387 3093 mare
401 3031 449 3094 uti
464 3036 595 3094 secreto
611 3047 726 3090 umore
741 3034 888 3112 peteret,

12 3186 13 3216 i
90 3165 240 3208 seorsus
254 3143 331 3208 item
346 3146 421 3231 puri
436 3142 624 3227 secretique
638 3139 785 3239 estheris
799 3141 909 3226 ignes.

135 3260 277 3344 Quippe
291 3260 412 3324 etenim
426 3259 568 3345 primum
583 3256 685 3322 terrai
701 3276 846 3342 corporo
860 3275 1031 3341 quaeque,

37 3383 72 3430 ⁴⁵⁰
92 3385 285 3459 propterea
299 3373 392 3459 quod
407 3383 503 3439 erent
517 3373 632 3460 mavia
647 3379 681 3436 et
695 3372 872 3459 perplexe,
884 3371 1021 3438 coibant

93 3489 128 3552 in
145 3487 263 3554 medio
277 3497 379 3576 etque
394 3489 475 3554 imas
491 3491 668 3575 capiebant
683 3488 793 3553 omnia
807 3486 923 3566 sedes3

93 3625 190 3690 quae
207 3613 332 3688 quanto
347 3605 451 3690 magis
465 3605 552 3669 inter
567 3625 604 3668 se
620 3604 781 3691 perplexo
795 3603 949 3679 coibant,

96 3729 171 3786 tem
186 3720 290 3806 magis
305 3739 504 3806 expressere
519 3739 558 3782 ea
572 3739 659 3804 quae
673 3740 764 3783 mere
779 3717 892 3782 sidera
906 3719 1010 3784 solem

9 3884 11 3920 s
96 3836 281 3920 lunamque
298 3833 469 3900 efficerent
483 3844 517 3898 et
531 3833 641 3918 magni
656 3834 787 3898 moenio
799 3811 948 3898 mundi:¹

7 3954 9 4039 J
41 3961 76 4008 tt
97 3951 214 4014 omnio
229 3950 314 4014 enim
328 3951 432 4036 magis
446 3949 531 4014 haec
546 3947 708 4011 cleribus
723 3955 825 4033 etque
839 3948 994 4014 rutundis

9 4043 11 4084 l

11 3435 14 3472 l

12 3474 13 3518 l

9 4122 10 4164 l
101 4153 307 4162 ...-.-.

104 4271 157 4318 4¹28
176 4266 342 4337 Omnigcnus
369 4267 379 4336 ll
406 4272 606 4350 wemereste
633 4265 643 4334 ΙΙ
671 4271 720 4317 430
739 4261 824 4318 lluunt
842 4264 852 4336 ll
871 4283 964 4338 saepe.
993 4267 1003 4336 ll
1030 4275 1077 4320 431
1100 4268 1203 4322 'ferree
1226 4269 1236 4336 ΙΙ

106 4356 155 4402 433
176 4349 239 4404 Alte
256 4349 349 4402 volens
385 4350 395 4418 [l
432 4357 482 4403 440
501 4351 699 4420 Omnigeuuse
735 4347 745 4420 ΙΙ
781 4357 827 4402 444
849 4351 891 4403 vie
921 4351 932 4419 ΙΙ
962 4359 1011 4405 let
1031 4351 1110 4405 indue
1141 4352 1151 4418 ll
1187 4358 1236 4404 4³9

108 4446 201 4504 magne
220 4433 230 4500 ll
249 4439 297 4486 447
317 4451 393 4486 ιιιηοι·
411 4431 421 4502 ΙΙ
442 4439 490 4485 449
510 4441 619 4486 terrae·
