3034 5204
733 485 748 556 Ι
1249 487 1292 556 21

178 665 264 752 auris
277 662 377 740 milti,
400 663 563 726 Memmios
583 661 783 747 (Lambinus
800 661 1032 745 Memmiodo),
1054 669 1083 725 et
1102 673 1128 725 te
1142 659 1296 726 Semotum

180 787 201 826 a
214 760 421 826 euriruddibe
434 760 558 845 ;'quod
580 767 633 824 est
650 759 771 824 durum
786 766 821 824 et
836 759 1023 844 quaesitum
1039 809 1046 824 .
1064 759 1146 824 mihi
1159 759 1294 824 verissi-

179 881 267 924 mum
284 859 465 924 videbatur
481 863 516 924 ot
530 906 538 933 ,
554 858 682 944 nequid
697 858 921 932 dissimulem,
940 857 1052 922 adhue
1067 858 1163 922 unice
1179 866 1294 942 aptum

178 958 313 1023 videtur
326 981 440 1021 vocum
455 955 541 1021 auris
556 979 829 1034 nuruumque,
846 976 925 1042 age,
938 955 1092 1030 Memmi,
1107 955 1260 1022 demotum
1275 981 1295 1018 o

180 1058 261 1120 curo
282 1056 391 1120 adhibe
412 1078 515 1118 veram
532 1056 576 1120 ad
587 1058 736 1120 rationem
751 1105 758 1119 .
774 1053 908 1120 interim
928 1052 1072 1118 Iacobus
1086 1051 1295 1138 Bernaysius

181 1175 256 1218 cum
270 1176 290 1218 e
303 1152 500 1218 Veronensi
510 1155 697 1240 interprete
709 1152 852 1240 Vergilii
866 1151 910 1215 nd
923 1153 1106 1238 georgicon
1121 1171 1177 1225 ιιι,
1192 1151 1212 1214 3
1226 1151 1293 1214 Lu·

180 1251 284 1316 cretio
299 1249 387 1316 haec
402 1252 507 1316 verbe
522 1251 672 1316 adscribi
687 1250 849 1326 vidisset,
865 1274 980 1316 vacuos
995 1273 1085 1314 aures
1099 1250 1293 1334 amorumque

179 1371 384 1424 snosoru,
400 1369 441 1413 ea
456 1349 581 1414 rectius
598 1349 644 1414 ed
663 1350 777 1434 operis
787 1350 918 1414 initium
929 1346 1050 1412 referri
1062 1347 1182 1411 statuit
1193 1366 1294 1431 quam

179 1446 225 1512 ed
244 1446 364 1511 librum
383 1469 427 1522 ιιι,
438 1446 516 1522 912,
534 1448 592 1512 ubi
607 1454 660 1512 est
679 1448 708 1510 Τ
704 1470 726 1510 u
738 1447 815 1510 milri
828 1447 870 1510 do
884 1445 980 1516 urreis
995 1455 1085 1510 aures
1099 1446 1294 1529 animumque

179 1567 318 1629 rapacem
333 1593 341 1619 ,
357 1565 427 1609 non
440 1568 554 1610 varnos
569 1593 587 1608 ..
597 1545 651 1609 oui
672 1543 777 1609 docto
792 1545 866 1608 viro
882 1550 920 1607 ut
934 1563 1004 1606 non
1016 1562 1156 1626 possum
1172 1549 1294 1604 contre

180 1642 309 1717 dicere,
320 1643 368 1707 ito
379 1643 482 1707 miror
491 1641 632 1707 eundem
643 1642 679 1707 id
688 1662 757 1706 non
765 1640 909 1714 vidisse,
922 1639 1073 1726 quod,si
1086 1638 1167 1705 illud
1176 1659 1292 1702 verum

179 1741 246 1816 sit,
262 1741 454 1805 necessario
475 1747 725 1826 consequetur,
742 1747 780 1804 ut
802 1747 882 1804 ento
902 1739 966 1804 hos
982 1759 1125 1812 versus,
1147 1736 1204 1803 ubi
1225 1756 1292 1800 em·

177 1839 288 1904 bieme
309 1841 352 1904 eb
374 1837 538 1904 hocloco
562 1837 705 1902 alienum
729 1836 1008 1922 repudiavimus,
1040 1855 1123 1900 vere
1144 1833 1291 1899 Lucretii

178 1939 283 2004 verbo
293 1938 456 2023 perierint
471 1959 478 2002 ι
495 1957 572 2001 nem
586 1943 625 2000 ut
636 1941 739 2021 poete
749 1957 771 2000 e
781 1933 916 2000 Venere
928 1935 1116 1998 orationem
1128 1932 1173 1996 od
1183 1931 1291 1998 Mem·

176 2037 277 2100 mium
297 2057 340 2100 ne
360 2035 494 2100 nomine
515 2033 651 2120 quidem
672 2032 878 2120 appellatum
900 2031 1097 2098 deflecteret
1112 2031 1184 2094 fieri
1198 2030 1289 2094 nulio

176 2133 278 2199 modo
293 2134 423 2219 potuit.

139 2235 140 2240 ’
260 2231 310 2294 57.
332 2230 476 2309 Quove
498 2249 638 2291 sensu
659 2250 836 2292 nussum.
852 2227 954 2312 Apud
970 2225 1150 2298 Senecam,
1166 2223 1222 2308 qui
1236 2223 1290 2285 his

177 2335 342 2414 quattuor
364 2326 519 2392 versibus
541 2327 674 2400 utitur,
700 2325 735 2389 in
758 2323 904 2410 epistula
922 2347 1012 2399 xcv,
1040 2324 1165 2409 Qeoqtae
1185 2321 1291 2386 eaden

174 2448 301 2490 rursus.
583 2479 586 2484 ,

259 2521 316 2586 66.
333 2544 543 2586 monronis
558 2543 744 2584 returns
765 2519 1026 2585 conrnsEsr
1041 2537 1196 2584 ocutos
1217 2537 1288 2579 uu·

176 2641 271 2685 sus.
300 2619 395 2699 Quae
416 2619 480 2684 hos
503 2639 623 2682 versus
644 2617 878 2702 praecedunt,
902 2637 1017 2682 eorum
1039 2622 1136 2702 perte
1158 2613 1289 2680 Nonius

176 2739 257 2783 usus
273 2727 326 2782 est
339 2717 460 2803 pem,
471 2717 512 2782 28
527 2723 562 2780 et
576 2716 655 2792 379,
670 2717 725 2793 13,
736 2717 816 2782 item
831 2739 863 2802 p.
873 2715 950 2791 327,
963 2718 996 2792 1,
1011 2716 1077 2780 alio
1090 2721 1189 2800 perte
1203 2713 1289 2778 Lue-

175 2817 302 2881 tantius
319 2815 568 2880 institutionum
584 2837 635 2892 ιιι,
647 2815 704 2890 27,
720 2815 756 2880 10
770 2816 835 2890 ito,
852 2816 938 2895 Qrtue
950 2839 1013 2880 sese
1027 2816 1105 2880 caeli
1118 2811 1289 2899 repimribm

175 2915 355 2995 ostentabat.
376 2914 426 2979 sio
441 2919 534 2978 certe
546 2913 594 2978 ibi
610 2912 714 2978 editio
734 2912 865 2978 Veneto
880 2913 958 2977 unni
976 2912 1052 2976 1471
1070 2919 1104 2975 et
1118 2909 1288 2976 Rostock·

176 3013 285 3077 oensis
300 3013 395 3088 1476,
409 3013 489 3076 item
504 3011 615 3076 codex
625 3011 956 3098 nuneBerolinensis
967 3006 1288 3093 (theol.381),oiim

174 3110 406 3185 Erfirrtensis,
422 3111 571 3194 scriptus
586 3131 674 3174 enno
693 3108 875 3173 14682nam
891 3109 959 3173 duo
975 3106 1052 3180 alii,
1071 3104 1128 3189 qui
1143 3102 1220 3168 olim
1235 3101 1287 3165 fu·

176 3215 275 3274 erunt
285 3202 416 3273 ‘domus
430 3208 578 3296 gloriose
589 3207 727 3294 virginis
738 3207 847 3271 Mario
857 3207 892 3271 in
902 3201 1146 3269 Evertzolusen
1157 3197 1287 3264 ordinis

176 3308 413 3372 canonicorum
429 3304 632 3392 regularium
647 3303 869 3369 Treverensis
885 3301 1045 3367 diocesis’
1060 3300 1188 3383 (eorum
1203 3298 1286 3363 alte-

175 3425 249 3469 rum
263 3403 384 3489 (theol.
392 3402 475 3488 277)
490 3402 671 3490 descripsit
686 3425 729 3468 ex
744 3403 852 3467 altero
868 3400 967 3484 (266)
980 3393 1182 3464 ‘Anthonius
1197 3395 1287 3461 Reid

175 3503 218 3568 do
229 3502 436 3568 Selmenroir
447 3522 535 3565 euno
550 3500 661 3585 1469’)
671 3548 679 3576 ,
689 3501 713 3564 ii
724 3521 857 3566 versum
871 3500 919 3563 sio
931 3499 1094 3583 seriptum
1107 3495 1285 3571 exhibent,
1372 3503 1379 3515 '

174 3602 228 3688 qui
240 3625 272 3666 se
287 3601 343 3665 celi
356 3599 528 3685 repionibor
542 3601 713 3662 memtuoit.
728 3597 936 3683 ineptissime
951 3595 1090 3660 Servius
1105 3592 1150 3658 ed
1163 3593 1286 3656 Aenei-

175 3698 240 3764 dos
254 3721 317 3763 vrrr
334 3745 342 3774 ‚
361 3698 418 3762 187
434 3707 488 3760 aut
500 3696 665 3760 secundino
679 3695 857 3760 Lucretium
871 3695 1041 3779 rrtperstitio
1057 3703 1099 3756 est
1111 3701 1284 3776 emersion-

175 3799 248 3861 tium
262 3819 385 3874 rerum,
399 3795 434 3859 id
446 3804 489 3858 est
502 3793 673 3857 coelestum
688 3803 716 3857 et
728 3794 920 3870 divinamus,
931 3791 967 3854 id
979 3801 1022 3854 est
1034 3812 1113 3876 quoe
1125 3811 1217 3874 super
1230 3811 1286 3852 eos

174 3905 267 3975 stant,
283 3896 386 3960 triariis
406 3905 433 3958 et
446 3891 617 3979 septifluus
630 3893 720 3955 emor
737 3939 744 3954 .
766 3911 853 3976 quse
868 3888 1121 3972 exscripserunt
1133 3885 1285 3952 Isidorus
1312 3885 1315 3894 Α
1375 3949 1377 3955 .

175 3993 339 4080 originum
355 3991 509 4067 v111‚3‚7
526 3996 561 4055 et
575 3988 697 4052 tertius
710 3985 983 4073 mythographus
996 3985 1067 4048 Mei
1081 4008 1112 4070 p.
1125 3985 1183 4049 184
1199 4034 1207 4049 .
1229 3985 1285 4049 hic

173 4112 256 4156 vero
271 4091 402 4156 Nonius
416 4111 449 4174 p.
459 4089 520 4153 411
530 4135 538 4164 ,
550 4086 587 4163 2,
602 4088 660 4152 ubi
675 4086 795 4151 undere
809 4107 908 4170 quam
922 4083 1018 4148 vario
1032 4081 1135 4147 modo
1151 4081 1285 4147 dicatur

173 4189 347 4264 ostendit,
364 4189 502 4254 mortalis
516 4187 635 4250 tendere
650 4195 755 4250 contro
771 4183 830 4248 Eu
842 4183 943 4248 coelos
957 4205 1049 4246 arsur
1060 4207 1071 4244 :
1083 4181 1160 4246 libri
1175 4182 1284 4246 nostri

172 4288 292 4352 wilere.
307 4287 428 4351 horum
444 4290 624 4368 utrumque
639 4281 826 4346 rectissime
840 4279 967 4344 hebere
982 4277 1155 4344 Bentleius
1170 4287 1283 4343 osten-

173 4384 225 4450 dit
233 4385 279 4451 sd
286 4384 467 4449 Horatium
476 4401 577 4446 eorm.
587 4380 655 4456 1‚3‚
666 4381 704 4445 18
714 4388 749 4444 et
758 4379 855 4464 epist.
866 4401 892 4452 1,
906 4377 932 4450 1,
941 4377 1117 4462 28‚neque
1125 4376 1283 4461 Philippo

172 4482 347 4570 Wagnero
360 4479 614 4546 eoncedendum
623 4486 708 4564 puto
721 4478 815 4564 quod
826 4476 908 4542 dicit
919 4475 964 4541 od
971 4474 1142 4541 Aeneidos
1154 4497 1178 4538 11
1187 4520 1194 4548 ,
1204 4473 1283 4548 405,
