2946 5188
249 490 294 558 20
805 493 821 558 l

176 681 224 727 525
248 663 439 728 distinctum
457 664 611 748 quoniam
627 685 689 727 nee
703 665 835 749 plenum
851 666 981 729 naviter
995 673 1089 732 extat

248 801 310 842 nee
325 799 427 863 porro
443 799 581 841 vacnum
592 826 599 853 ,
612 786 692 843 sunt
706 797 787 864 ergo
803 799 947 864 corpora
961 788 1067 854 certa,

249 913 334 977 quae
349 895 491 978 spatium
506 893 607 979 pleno
621 893 752 978 possint
767 891 971 978 distinguere
985 895 1098 958 inane.

248 1007 331 1070 haee
346 1028 455 1091 neque
471 1006 608 1070 dissolui
623 1006 730 1092 plagis
746 1007 953 1072 extrinsecus
967 1009 1036 1072 ieta

247 1129 406 1205 possunt,
418 1142 480 1185 nee
495 1143 597 1208 porro
613 1121 747 1207 penitus
761 1129 939 1206 penetrata
952 1123 1058 1184 retexi

175 1251 224 1297 550
246 1257 308 1298 neo
322 1235 452 1298 ratione
467 1245 595 1320 queunt
608 1235 672 1300 alia
687 1243 849 1319 temptata
863 1233 993 1312 labare;

244 1349 280 1412 id
295 1347 464 1434 quodiam
479 1371 582 1438 supra
597 1351 656 1416 tibi
670 1349 771 1436 paulo
787 1348 994 1414 ostendimus
1010 1356 1102 1414 ante.

245 1484 320 1527 nam
334 1484 443 1546 neque
458 1462 580 1525 conlidi
596 1465 667 1526 sine
680 1463 770 1526 inani
784 1484 885 1548 posse
900 1462 1035 1526 videtur

244 1577 421 1660 quiequam
436 1595 499 1638 nee
512 1573 620 1659 frangi
635 1596 697 1638 nee
711 1573 792 1639 findi
806 1576 838 1640 in
854 1576 931 1639 bina
945 1575 1109 1651 secando,

244 1711 307 1752 nee
322 1709 442 1774 capere
457 1709 605 1756 umorem
620 1709 730 1772 neque
744 1689 822 1752 item
837 1688 1000 1754 manabile
1014 1687 1119 1774 frigus

174 1821 221 1866 5³5
243 1824 305 1867 nec
320 1797 525 1888 penetralem
539 1802 664 1887 ignem,
676 1802 797 1888 quibus
812 1803 921 1868 omnia
936 1803 1172 1868 coniiciuntur:

245 1926 279 1981 et
293 1939 360 2002 quo
376 1937 529 2001 quaeque
544 1917 648 2001 magis
664 1916 799 1982 eohibet
812 1939 867 1981 res
881 1919 971 1982 intus
985 1919 1097 1990 inane,

245 2041 311 2094 tam
326 2031 430 2116 magis
445 2031 497 2094 his
512 2032 613 2095 rebus
628 2031 761 2115 penitus
777 2040 940 2117 temptata
954 2031 1110 2096 labascit.

246 2165 326 2230 ergo
341 2145 369 2208 si
384 2143 493 2208 solida
507 2167 546 2208 ae
561 2145 633 2208 sine
648 2145 738 2208 inani
753 2167 895 2231 corpora
910 2145 1016 2232 ppima

244 2267 323 2323 sunt
336 2259 383 2323 ita
397 2259 444 2322 uti
460 2257 576 2334 docui,
588 2260 654 2324 sint
668 2259 752 2323 haee
767 2268 904 2324 aeterna
917 2273 1102 2324 necessest.

174 2389 221 2435 540
243 2384 418 2459 praeterea
432 2375 496 2437 nisi
510 2375 665 2438 materies
681 2383 816 2438 aeterna
830 2373 967 2448 fuisset,

244 2495 322 2550 ante
337 2487 400 2550 hae
416 2486 460 2550 ad
474 2488 574 2551 nilum
590 2489 723 2572 penitus
738 2509 792 2550 res
809 2509 960 2572 quaeque
975 2484 1158 2558 redissent,

244 2599 287 2662 de
302 2600 435 2684 niloque
450 2608 567 2664 renata
580 2597 694 2664 forent
709 2621 795 2685 quae
810 2621 950 2684 eumque
964 2597 1129 2663 videmus.

243 2721 278 2777 at
293 2713 448 2797 quoniam
464 2733 566 2799 supra
581 2712 679 2777 docui
694 2714 740 2777 nil
753 2735 855 2800 posse
870 2712 976 2776 creari

244 2825 287 2889 de
301 2827 369 2891 nilo
384 2848 494 2911 neque
511 2825 602 2911 quod
618 2827 765 2911 genitum
780 2835 833 2892 est
847 2825 890 2892 ad
905 2826 951 2890 nil
965 2829 1132 2902 revocari,

173 2959 220 3003 545
243 2962 317 3005 esse
332 2941 508 3005 immortali
522 2941 705 3026 primordia
720 2964 863 3029 corpore
879 2941 1016 3016 debent,

244 3055 382 3120 dissolui
398 3031 465 3142 quo
481 3078 634 3142 quaeque
650 3079 806 3143 supremo
821 3065 971 3142 tempore
985 3055 1137 3142 possint,

243 3172 396 3234 materies
411 3179 447 3235 ut
463 3170 656 3256 subpeditet
669 3173 770 3236 rebus
784 3169 996 3258 reparandis.

244 3291 322 3347 sunt
335 3285 436 3369 igitur
450 3283 557 3348 solida
571 3284 754 3368 primordia
769 3285 992 3370 simplicitate,

242 3417 305 3459 nee
318 3397 448 3460 ratione
464 3405 591 3480 queunt
605 3397 669 3459 alia
684 3373 818 3459 servata
833 3415 1025 3480 peraevom

173 3527 220 3572 550
244 3531 285 3573 ex
299 3509 428 3573 infinito
442 3511 505 3573 iem
521 3519 671 3593 tempore
686 3530 741 3574 res
755 3530 930 3596 reparare.

285 3622 437 3706 Denique
453 3625 480 3686 si
494 3623 616 3686 nullam
632 3623 728 3688 finem
742 3633 862 3688 natura
876 3632 1029 3709 parasset

242 3735 436 3823 frangendis
450 3739 551 3801 rebus
562 3787 569 3812 ,
580 3737 643 3800 iam
659 3759 803 3823 corpora
817 3739 965 3802 materiai

241 3873 348 3936 usque
363 3849 500 3914 redacta
513 3851 623 3915 forent
638 3872 722 3914 aevo
738 3851 911 3938 frangente
927 3854 1054 3938 priore.

242 3971 279 4028 ut
293 3965 339 4028 nil
354 3986 395 4028 ex
409 3965 473 4029 illis
487 3987 507 4029 a
522 3972 613 4030 eerto
630 3972 779 4051 tempore
793 3975 911 4052 posset

171 4098 218 4142 555
242 4088 439 4164 conceptum
457 4099 581 4144 summa
596 4081 717 4145 aetatis
731 4081 917 4168 pervadere
932 4079 1021 4144 linis.

244 4263 444 4272 —-—-—-·

244 4367 292 4413 527
306 4375 392 4431 poena
411 4359 420 4425 ll
440 4359 522 4410 inani.
544 4359 553 4426 ll
573 4365 620 4410 533
634 4358 707 4410 fundi
726 4362 736 4428 ll
756 4365 804 4410 542
817 4367 892 4412 rante
912 4361 921 4426 ll
941 4366 989 4410 553
1003 4361 1141 4414 materiae.
1162 4363 1172 4428 ll
1191 4369 1239 4414 553
1253 4363 1347 4418 fovent
1359 4367 1369 4433 ll

244 4449 291 4494 555
311 4457 440 4496 summum
