2970 5268
9 520 10 562 ἶ
607 451 670 522 1111

9 567 10 602 i

9 607 10 630 i
26 644 56 690 ιιι
75 627 128 711 qui
141 626 271 712 possit,
282 647 392 711 neque
407 645 478 690 eam
492 625 655 691 rationem
668 625 813 690 reddere
828 625 943 704 dictis,

26 759 57 802 :u
74 741 105 804 in
119 761 219 826 quem
234 761 390 826 quaeque
404 741 515 806 locum
530 737 665 805 diverso
680 742 823 806 momine
836 741 987 828 tondeo]

27 873 58 916 ru
112 855 212 920 Nunc
226 875 307 941 ege,
318 876 418 940 quem
433 855 533 920 celeri
546 863 640 920 motu
655 855 830 922 simulacre
843 857 1008 935 ferentur,

77 979 108 1032 et
119 969 391 1062 qusemobilitus
406 970 480 1034 ollis
494 969 705 1034 tranantibus
719 991 818 1035 euros

76 1083 208 1148 redditu
223 1083 284 1160 sit,
295 1084 397 1171 longo
412 1084 522 1170 spatio
537 1092 575 1148 ut
588 1085 701 1149 brevis
715 1084 801 1150 horn
813 1094 960 1164 teretur,

28 1216 58 1260 ro
75 1197 251 1264 suavidicis
265 1199 379 1284 potius
393 1219 493 1284 quem
508 1199 619 1264 multis
634 1200 786 1264 versibus
801 1199 913 1280 edem3

77 1335 200 1398 pervus
215 1323 255 1378 ut
269 1321 321 1377 est
336 1314 433 1400 cycni
447 1311 563 1378 melior
575 1335 681 1388 conor
691 1364 698 1392 ,
708 1314 763 1380 ille
777 1335 896 1402 gruum
911 1337 1011 1402 quum

75 1427 198 1492 clamor
212 1429 251 1492 in
263 1427 419 1492 aetheriis
435 1426 605 1515 dispersus
620 1429 763 1495 nubibus
778 1432 895 1496 cursori.

8 1613 9 1628 χ
76 1543 240 1629 principio
255 1563 418 1628 persaepe
432 1543 515 1639 levis
529 1565 584 1609 res
599 1553 701 1630 etque
715 1545 848 1610 minutis

8 1663 9 1672 ’
76 1659 275 1745 corporibus
289 1655 396 1722 foetes
411 1659 527 1723 celeris
541 1659 620 1725 licet
635 1671 712 1724 esse¹
721 1659 850 1725 videre.

28 1793 57 1836 ro
74 1778 189 1861 inquo
203 1774 269 1838 iam
283 1793 405 1860 genere
420 1783 473 1838 cst
486 1773 566 1838 solis
581 1775 639 1838 lux
654 1783 688 1840 et
701 1796 809 1861 vepor
824 1776 893 1839 eius

7 1859 8 1884 Χ
76 1897 258 1977 propterea
272 1889 350 1974 quie
364 1895 443 1952 sunt
457 1909 474 1951 e
489 1888 602 1974 primis
617 1888 707 1954 fecte
720 1890 871 1967 minutis,

7 2017 8 2024 ’
76 2026 163 2090 quse
178 2004 275 2090 quasi
289 2001 457 2068 cuduntur
471 2025 599 2091 perque
614 2005 699 2069 aeris
713 2005 925 2070 intervallum

7 2123 8 2130 ’
75 2143 143 2184 non
159 2117 317 2184 dubitent
330 2118 474 2183 transire
489 2120 641 2203 sequenti
656 2120 788 2184 concite
801 2119 916 2206 plage:

76 2233 312 2321 suppeditemr
327 2233 413 2298 enim
427 2232 602 2298 confestim
615 2234 736 2298 lumine
749 2235 875 2310 lumen,

26 2367 58 2412 uo
76 2361 109 2415 et
123 2349 221 2436 quasi
236 2348 367 2434 protelo
382 2347 571 2412 stimuletur
584 2347 711 2434 fulgere
725 2347 850 2434 fulgur.

78 2485 145 2551 qun
160 2473 301 2551 propter
315 2463 491 2528 simulacre
505 2464 577 2548 peri
591 2463 720 2528 ratione
733 2485 872 2528 necesse
887 2475 940 2529 est

76 2578 325 2644 inmemorabile
339 2599 400 2665 per
414 2579 557 2664 spatium
572 2587 800 2644 transcurrere
814 2601 915 2667 posse

78 2695 238 2781 temporis
252 2693 286 2758 in
301 2702 444 2780 puncto,
455 2694 595 2779 primum
610 2692 703 2779 quod
717 2695 857 2783 pervola
871 2716 973 2760 ceusu

80 2821 132 2875 est
146 2809 264 2894 procul
278 2830 299 2873 a
311 2816 408 2894 tergo
424 2829 509 2892 quse
523 2809 691 2896 provehet
704 2818 807 2895 eoque
821 2811 1002 2897 propellet,

29 2941 61 2986 :ro
80 2923 201 2988 deinde
216 2922 310 3010 quod
324 2943 430 3008 usqne
444 2921 531 2987 odeo
545 2931 681 2988 textura
695 2922 940 3008 praeditarum

82 3042 255 3104 mitumtur
264 3087 272 3114 ‚
281 3037 379 3104 focile
393 3038 583 3124 ut‚quesvis
598 3045 775 3122 penetrare
790 3047 915 3121 queant
928 3059 983 3101 res

83 3163 114 3218 et
128 3155 223 3240 qussi
238 3135 433 3239 permanere
447 3171 508 3237 per
522 3151 608 3216 ceris
622 3149 847 3214 intervallum.

84 3277 257 3356 praetereo
270 3269 298 3332 si
313 3288 400 3353 quse
414 3267 546 3354 penitus
562 3265 762 3350 corpuscula
775 3285 886 3328 rerum

27 3397 65 3443 uo
84 3405 123 3446 ex
137 3383 273 3468 alboque
286 3381 378 3447 foras
392 3382 586 3456 mittuntur,
598 3379 678 3444 solis
692 3379 741 3444 uti
755 3379 814 3442 lux

84 3519 120 3561 ec
134 3497 353 3584 repor‚haec
367 3505 493 3584 puncto
509 3503 691 3560 cernuntur
705 3495 801 3580 lapse
816 3493 881 3559 diei

84 3633 143 3698 per
155 3621 264 3676 totum
280 3611 361 3676 oceli
377 3611 520 3698 spatium
535 3609 720 3675 diffundere
735 3631 810 3674 sese

86 3747 211 3812 perque
225 3727 342 3791 volere
357 3746 447 3790 mere
461 3746 501 3790 ec
517 3739 625 3822 terrers
640 3725 830 3810 circumque
844 3725 966 3810 rigare.

86 3841 164 3925 quid
180 3861 266 3927 quse
282 3848 361 3906 sunt
372 3841 473 3926 igitur
486 3841 550 3904 iem
564 3839 670 3925 prime
683 3838 794 3904 fronte
809 3837 950 3923 peram?

29 3970 65 4016 ²11⁵
85 3979 157 4022 cum
171 3956 337 4022 iaciuntur
351 3964 387 4019 et
400 3955 556 4019 emissum
569 3974 623 4018 res
639 3953 731 4018 nulle
743 3960 910 4028 moretur,

31 4085 66 4130 ιιι
86 4071 177 4156 quod
191 4093 294 4159 super
309 4078 378 4145 est,
388 4070 445 4134 ubi
460 4077 528 4134 tem
542 4067 671 4133 volucri
684 4067 819 4131 levitate
833 4066 997 4141 ferentur,

29 4199 66 4246 ros
85 4207 196 4272 quone
211 4185 308 4251 vides
323 4185 421 4250 citius
436 4182 560 4248 debere
575 4190 609 4247 et
622 4181 755 4268 longius
768 4181 817 4246 ire

60 4452 70 4474 ·
90 4439 135 4485 175
155 4433 259 4487 ratione
277 4434 287 4500 ΙΙ
309 4438 356 4486 179
374 4432 480 4486 omnine
497 4429 597 4485 tendit.
615 4431 626 4499 ΙΙ
647 4433 694 4482 178
713 4427 823 4482 feretur.
843 4427 1093 4498 [moriendumque
