3034 5204
106 461 110 468 ’
223 461 246 526 8
692 481 865 528 encausto

221 633 383 706 librario,
405 631 469 696 nisi
490 629 621 716 species
636 630 739 706 fallit,
763 631 954 710 Germano,
975 631 1113 698 schedis
1127 657 1266 702 numero
1282 635 1339 712 69,

221 731 353 816 paginis
361 729 586 815 bipertitisita
595 736 633 791 ut
642 729 676 791 in
684 728 823 814 singulis
831 729 1003 794 laterculis
1012 731 1206 800 sintversus
1213 756 1339 800 xxvrn.

220 827 320 892 huius
343 847 655 892 coansoronss
680 825 818 900 fuerunt
839 827 1051 911 complures,
1065 849 1190 907 ‚omnes
1212 831 1340 898 saeculi

222 924 330 1011 quinti
340 924 478 1002 decimi3
493 945 635 1011 quorum
646 931 760 990 tamtm
771 925 881 990 nullus
893 925 959 989 alio
971 925 1156 1010 exemplari
1167 949 1249 992 usus
1263 950 1339 994 esse

220 1020 380 1098 videtur,
398 1025 463 1088 nisi
483 1021 576 1109 quod
597 1045 684 1088 unus
707 1025 830 1090 ceteris
851 1025 1020 1090 recentior
1034 1032 1115 1109 post
1129 1025 1205 1090 libri
1228 1028 1338 1111 quinti

220 1141 354 1186 versum
365 1119 426 1185 927
438 1121 523 1186 baec
535 1119 733 1209 adscripsit,
744 1117 893 1188 ‘Desunt
902 1143 1021 1192 versus
1032 1121 1072 1186 62
1082 1170 1091 1187 .
1100 1122 1175 1187 Nisi
1185 1123 1336 1188 traiecti.

222 1217 293 1283 Sed
308 1217 414 1285 habes
426 1219 506 1284 solio
517 1221 734 1304 penultimo';
750 1223 808 1307 qui
818 1242 861 1286 ne
875 1219 997 1284 falsum
1012 1219 1147 1306 quidem
1161 1241 1336 1285 numerum

222 1317 321 1402 (sunt
334 1316 421 1382 enim
434 1338 554 1382 versus
568 1320 635 1403 ιιι)
652 1318 766 1384 dicere
781 1319 893 1404 potuit
908 1320 981 1384 sine
993 1317 1058 1382 alio
1069 1317 1175 1384 libro.
1189 1325 1336 1383 ceterum
1360 1354 1365 1363 ·

221 1415 314 1480 hunc
334 1413 475 1479 eundem
494 1414 616 1480 librum
631 1416 858 1499 quadratum,
881 1424 959 1481 ante
980 1437 1082 1502 quam
1097 1415 1265 1482 Gcrherdi
1283 1415 1337 1479 Io-

222 1514 344 1578 hannis
359 1511 475 1577 Vossii
495 1512 614 1589 lieret,
637 1533 656 1576 e
678 1514 844 1578 coenobio
867 1513 986 1596 Sancti
1004 1513 1152 1592 Bertini,
1173 1511 1267 1600 quod
1287 1519 1340 1578 est

223 1631 331 1697 prope
341 1609 503 1694 oppidum
519 1610 636 1674 Sancti
647 1609 850 1686 Audomari,
861 1611 1030 1675 Lutetiam
1044 1613 1183 1678 missum
1195 1611 1340 1675 Hadria·

224 1728 287 1772 nus
298 1708 480 1774 Turnebus
496 1729 603 1794 usque
618 1707 663 1771 ad
677 1707 799 1773 librum
810 1715 943 1772 sextum
955 1709 1055 1784 satis,
1072 1717 1110 1773 ut
1120 1709 1273 1784 videtur,
1289 1706 1340 1773 di·

223 1807 365 1894 ligenter
380 1806 530 1871 excussit
545 1813 580 1870 et
595 1814 756 1892 excerpta
775 1827 836 1904 sqa
849 1805 1014 1893 Dionysio
1031 1807 1196 1872 Lumbino
1212 1807 1341 1872 utenda

224 1906 408 1972 concessit.
421 1905 560 1970 alterius
573 1903 700 1970 codicis
712 1925 789 1968 soa
798 1927 818 1967 n
827 1926 908 1967 aas
921 1911 999 1968 octo
1009 1901 1206 1970 Hauniaein
1216 1904 1339 1970 biblio-

224 2006 325 2070 theca
345 2003 439 2090 regia
460 2001 709 2077 adservantur,
732 2002 849 2067 decem
864 2000 1092 2094 Vindobopae
1106 2003 1140 2066 in
1156 2002 1340 2068 Caesarea.

224 2104 436 2168 Haunienses
448 2101 542 2177 olim,
554 2123 628 2166 cum
639 2100 812 2186 Gottorpii
824 2109 955 2177 essent,
966 2099 1197 2187 Marquardus
1207 2099 1341 2168 Gudius

226 2203 390 2277 excussit,
407 2202 502 2266 cuius
516 2221 616 2264 manu
631 2199 731 2264 factis
747 2199 935 2284 excerptis,
952 2220 1038 2284 quae
1053 2199 1136 2264 mihi
1151 2221 1169 2264 e
1186 2197 1339 2265 Guelfer·

225 2303 354 2388 bytana
366 2299 575 2366 bibliotheca
591 2297 733 2364 Carolus
748 2297 1028 2364 Schdnemannus
1046 2299 1245 2363 amicissime
1260 2320 1339 2363 con-

227 2407 394 2475 cesserat,
408 2399 457 2463 uti
472 2398 581 2472 nolui,
595 2403 778 2482 postquam
792 2393 972 2460 llladvicus
992 2416 1046 2460 me
1063 2395 1181 2461 docuit
1194 2417 1232 2460 se
1246 2396 1340 2481 ipsas

226 2496 372 2562 schedas
380 2497 549 2570 Hauniae,
561 2517 635 2558 cum
647 2495 705 2558 diu
717 2494 912 2570 latuissent,
926 2495 1133 2579 repperisse.
1144 2493 1245 2578 paulo
1260 2501 1341 2579 post

226 2592 559 2667 R.l.F.Henrichsen,
572 2611 657 2675 quae
667 2585 724 2654 ⁸de
735 2589 924 2677 fragmento
935 2590 1340 2676 GottorpiensiLucretii'

227 2700 384 2757 accurate
396 2692 524 2776 scripta
536 2688 712 2763 Othiniae,
730 2687 824 2773 quod
836 2687 974 2752 Fioniae
989 2688 1151 2774 oppidum
1164 2696 1233 2764 est,
1252 2709 1340 2754 anno

229 2789 309 2855 1846
320 2789 444 2866 edidit,
454 2787 536 2853 mihi
546 2786 784 2851 humanissime
798 2785 905 2850 misit.
918 2784 1231 2849 Vindobouensium
1243 2785 1341 2851 sche-

228 2887 345 2952 darum
366 2889 424 2953 vix
442 2907 586 2973 usquam
605 2885 640 2949 in
661 2884 715 2948 his
739 2883 986 2948 commentariis
1007 2883 1210 2948 mentionem
1227 2882 1341 2950 facere

226 2987 334 3062 volui,
357 2986 509 3072 quamvis
524 3005 638 3049 earum
653 2989 815 3068 excerpta
828 2981 989 3047 haberem
1005 2982 1048 3046 ab
1063 2979 1214 3047 Henrieo
1229 2982 1340 3048 Keilio

227 3085 335 3161 facta,
347 3086 409 3152 sed
419 3082 613 3150 rudiuscule
625 3088 677 3158 et,
694 3081 816 3166 utipse
828 3079 980 3155 dicebat,
1000 3101 1074 3144 cum
1090 3081 1126 3144 in
1137 3087 1211 3145 arte
1222 3091 1340 3167 parurn

228 3185 433 3250 exercitatus
456 3191 562 3249 esset.
584 3201 695 3266 neque
716 3179 836 3243 harum
859 3178 1061 3244 schedarum
1082 3179 1154 3243 sive
1169 3179 1340 3244 Haunian-

229 3280 312 3344 sium
328 3284 399 3346 sive
417 3280 728 3346 Vindobonensium
743 3277 812 3342 ulla
827 3278 966 3364 propria
985 3278 1172 3348 auctoritas
1188 3287 1257 3353 est,
1277 3277 1341 3342 nisi

230 3397 304 3440 cum
318 3377 497 3464 aliquando
514 3399 589 3442 cum
600 3375 748 3461 oblongo
761 3377 993 3440 consentiunt:
1008 3375 1170 3463 pleraque
1186 3378 1271 3440 enim
1285 3374 1340 3441 vel

229 3475 363 3538 minima
377 3497 451 3540 cum
466 3475 634 3562 quadrato
649 3476 697 3537 ita
709 3473 839 3539 habent
854 3475 1063 3550 communia,
1083 3481 1121 3537 ut
1139 3473 1340 3558 quadratum

230 3573 332 3638 nimia
345 3570 433 3645 fide,
453 3573 654 3638 schedarum
674 3577 785 3636 autem
805 3571 985 3647 librarios,
1007 3593 1093 3657 quos
1108 3572 1220 3658 plures
1235 3568 1340 3636 fuisse

231 3677 392 3735 testatum
407 3668 585 3746 habemus,
600 3691 729 3766 sqmma
743 3670 956 3757 neglegentia
966 3691 1127 3756 peccasse
1138 3675 1266 3734 certum
1279 3669 1340 3734 sit.
1386 3743 1387 3750 ἵ

232 3778 310 3835 octo
325 3767 576 3833 Hauniensibus
598 3769 790 3834 continetur
813 3769 898 3835 liber
912 3769 1063 3834 Lucretii
1083 3769 1211 3854 primus
1233 3775 1268 3832 et
1288 3789 1342 3832 se·

232 3867 333 3932 cundi
354 3887 473 3930 versus
496 3855 580 3940 456,
610 3868 740 3932 omissis
770 3875 884 3933 tamen
911 3869 964 3933 bis
987 3866 1232 3954 quinquagenis
1254 3867 1343 3933 binis

233 3969 279 4050 (ι,
294 3963 469 4029 734-785
489 3986 531 4038 ιι,
547 3963 764 4051 253-304),
784 3975 822 4032 ut
844 3987 948 4052 supra
968 3965 1062 4039 dixi,
1083 3973 1118 4030 et
1131 3973 1268 4051 praeter
1283 3986 1343 4030 eos

232 4064 340 4128 tribus
363 4073 398 4128 et
418 4063 535 4149 viginti
562 4063 608 4146 (ι,
630 4061 688 4126 123
708 4065 768 4129 890
790 4065 848 4130 891
875 4063 955 4128 1023
978 4063 1192 4129 1068-1075
1216 4063 1343 4128 1094-

235 4163 312 4226 1101
327 4185 368 4238 ιι,
380 4159 562 4243 310-312)
572 4183 579 4223 :
590 4161 721 4236 insunt,
731 4161 953 4247 capitulorum
963 4161 1069 4226 titulis
1077 4161 1343 4231 connumeratis,

232 4281 352 4326 versus
368 4259 575 4343 conscripti,
595 4258 660 4322 nisi
680 4258 779 4322 fallor
795 4309 803 4336 ,
826 4261 905 4326 1489
921 4308 929 4325 .
952 4261 996 4324 de
1010 4259 1064 4323 his
1078 4258 1345 4324 chrichsenius

234 4361 318 4425 haee
333 4353 573 4434 dicit,‘Codex
585 4355 836 4442 Gottorpiensis
849 4365 902 4422 est
912 4359 1188 4423 membranaceus
1200 4356 1272 4422 folii
1286 4357 1345 4422 mi·

234 4460 326 4524 noris
340 4499 426 4513 --
440 4455 528 4521 binis
544 4455 706 4520 columnis
717 4456 763 4520 ita
779 4465 954 4532 exaratus,
969 4463 1007 4520 ut
1018 4456 1169 4541 singulae
1180 4455 1252 4522 sere
1265 4475 1345 4540 qua·
