<?xml version="1.0" encoding="UTF-8"?>
<!DOCTYPE html PUBLIC "-//W3C//DTD XHTML 1.0 Transitional//EN"
    "http://www.w3.org/TR/xhtml1/DTD/xhtml1-transitional.dtd">
<html xmlns="http://www.w3.org/1999/xhtml" xml:lang="en" lang="en">
 <head>
  <title>
</title>
<meta http-equiv="Content-Type" content="text/html;charset=utf-8" />
  <meta name='ocr-system' content='tesseract 3.04.00' />
  <meta name='ocr-capabilities' content='ocr_page ocr_carea ocr_par ocr_line ocrx_word'/>
</head>
<body>
  <div class='ocr_page' id='page_1' title='image "./intlucretiicari00lachgoog_0110.png"; bbox 0 0 2970 5268; ppageno 0'>
   <div class='ocr_carea' id='block_1_1' title="bbox 600 463 648 532">
    <p class='ocr_par' dir='ltr' id='par_1_1' title="bbox 600 463 648 532">
     <span class='ocr_line' id='line_1_1' title="bbox 600 463 648 532; baseline 0 0"><span class='ocrx_word' id='word_1_1' title='bbox 600 463 648 532; x_wconf 88' lang='lat'>111</span> 
     </span>
    </p>
   </div>
   <div class='ocr_carea' id='block_1_2' title="bbox 19 637 1158 3024">
    <p class='ocr_par' dir='ltr' id='par_1_2' title="bbox 19 637 1158 3024">
     <span class='ocr_line' id='line_1_2' title="bbox 32 637 993 727; baseline 0.004 -27"><span class='ocrx_word' id='word_1_2' title='bbox 32 658 63 704; x_wconf 65' lang='lat' dir='ltr'>rai</span> <span class='ocrx_word' id='word_1_3' title='bbox 78 638 184 727; x_wconf 90' lang='lat' dir='ltr'>quidsi</span> <span class='ocrx_word' id='word_1_4' title='bbox 198 646 313 725; x_wconf 80' lang='lat' dir='ltr'>posset</span> <span class='ocrx_word' id='word_1_5' title='bbox 328 637 439 702; x_wconf 77' lang='lat' dir='ltr'>enim?</span> <span class='ocrx_word' id='word_1_6' title='bbox 450 637 555 702; x_wconf 91' lang='lat' dir='ltr'>multo</span> <span class='ocrx_word' id='word_1_7' title='bbox 569 639 663 724; x_wconf 89' lang='lat' dir='ltr'>prius</span> <span class='ocrx_word' id='word_1_8' title='bbox 677 639 750 724; x_wconf 83' lang='lat' dir='ltr'>ipsa</span> <span class='ocrx_word' id='word_1_9' title='bbox 763 641 861 706; x_wconf 86' lang='lat' dir='ltr'>animi</span> <span class='ocrx_word' id='word_1_10' title='bbox 876 643 926 706; x_wconf 87' lang='lat' dir='ltr'>vis</span> <span class='ocrx_word' id='word_1_11' title='bbox 955 663 958 670; x_wconf 79' lang='grc'><strong><em>’</em></strong></span> <span class='ocrx_word' id='word_1_12' title='bbox 992 665 993 668; x_wconf 54' lang='grc'><strong>“</strong></span> 
     </span>
     <span class='ocr_line' id='line_1_3' title="bbox 78 753 831 843; baseline 0 -23"><span class='ocrx_word' id='word_1_13' title='bbox 78 753 215 843; x_wconf 76' lang='lat' dir='ltr'>incapite</span> <span class='ocrx_word' id='word_1_14' title='bbox 228 762 287 820; x_wconf 82' lang='lat' dir='ltr'>aut</span> <span class='ocrx_word' id='word_1_15' title='bbox 300 754 421 818; x_wconf 89' lang='lat' dir='ltr'>umeris</span> <span class='ocrx_word' id='word_1_16' title='bbox 437 761 495 818; x_wconf 87' lang='lat' dir='ltr'>aut</span> <span class='ocrx_word' id='word_1_17' title='bbox 508 754 580 818; x_wconf 88' lang='lat' dir='ltr'>imis</span> <span class='ocrx_word' id='word_1_18' title='bbox 596 753 742 818; x_wconf 86' lang='lat' dir='ltr'>calcibus</span> <span class='ocrx_word' id='word_1_19' title='bbox 757 775 831 820; x_wconf 87' lang='lat' dir='ltr'>esse</span> 
     </span>
     <span class='ocr_line' id='line_1_4' title="bbox 80 867 809 955; baseline -0.003 -21"><span class='ocrx_word' id='word_1_20' title='bbox 80 879 193 955; x_wconf 88' lang='lat' dir='ltr'>posset,</span> <span class='ocrx_word' id='word_1_21' title='bbox 204 879 238 934; x_wconf 89' lang='lat' dir='ltr'>et</span> <span class='ocrx_word' id='word_1_22' title='bbox 250 868 378 934; x_wconf 88' lang='lat' dir='ltr'>innasci</span> <span class='ocrx_word' id='word_1_23' title='bbox 393 868 511 954; x_wconf 85' lang='lat' dir='ltr'>quavis</span> <span class='ocrx_word' id='word_1_24' title='bbox 523 867 559 932; x_wconf 89' lang='lat' dir='ltr'>in</span> <span class='ocrx_word' id='word_1_25' title='bbox 572 875 670 954; x_wconf 87' lang='lat' dir='ltr'>parte</span> <span class='ocrx_word' id='word_1_26' title='bbox 684 867 809 933; x_wconf 87' lang='lat' dir='ltr'>soleret</span> 
     </span>
     <span class='ocr_line' id='line_1_5' title="bbox 80 981 1079 1068; baseline 0.004 -18"><span class='ocrx_word' id='word_1_27' title='bbox 80 985 242 1050; x_wconf 72' lang='lat' dir='ltr'>eidemin</span> <span class='ocrx_word' id='word_1_28' title='bbox 257 982 377 1048; x_wconf 91' lang='lat' dir='ltr'>eodem</span> <span class='ocrx_word' id='word_1_29' title='bbox 390 982 524 1047; x_wconf 90' lang='lat' dir='ltr'>homine</span> <span class='ocrx_word' id='word_1_30' title='bbox 539 990 641 1068; x_wconf 86' lang='lat' dir='ltr'>atque</span> <span class='ocrx_word' id='word_1_31' title='bbox 655 983 689 1046; x_wconf 91' lang='lat' dir='ltr'>in</span> <span class='ocrx_word' id='word_1_32' title='bbox 704 981 823 1046; x_wconf 90' lang='lat' dir='ltr'>eodem</span> <span class='ocrx_word' id='word_1_33' title='bbox 837 1005 916 1048; x_wconf 86' lang='lat' dir='ltr'>vase</span> <span class='ocrx_word' id='word_1_34' title='bbox 931 1007 1079 1054; x_wconf 81' lang='lat' dir='ltr'>manere.</span> 
     </span>
     <span class='ocr_line' id='line_1_6' title="bbox 79 1098 1071 1185; baseline 0.004 -22"><span class='ocrx_word' id='word_1_35' title='bbox 79 1098 322 1185; x_wconf 85' lang='lat' dir='ltr'>quodquoniam</span> <span class='ocrx_word' id='word_1_36' title='bbox 336 1105 455 1163; x_wconf 86' lang='lat' dir='ltr'>nostro</span> <span class='ocrx_word' id='word_1_37' title='bbox 471 1118 606 1183; x_wconf 89' lang='lat' dir='ltr'>quoquc</span> <span class='ocrx_word' id='word_1_38' title='bbox 622 1105 756 1163; x_wconf 81' lang='lat' dir='ltr'>constet</span> <span class='ocrx_word' id='word_1_39' title='bbox 769 1119 913 1185; x_wconf 85' lang='lat' dir='ltr'>corpore</span> <span class='ocrx_word' id='word_1_40' title='bbox 928 1109 1071 1180; x_wconf 77' lang='lat' dir='ltr'>sermm,</span> 
     </span>
     <span class='ocr_line' id='line_1_7' title="bbox 34 1212 971 1302; baseline 0.006 -27"><span class='ocrx_word' id='word_1_41' title='bbox 34 1233 63 1276; x_wconf 74' lang='lat' dir='ltr'>rsa</span> <span class='ocrx_word' id='word_1_42' title='bbox 78 1214 323 1302; x_wconf 87' lang='lat' dir='ltr'>dispositumque</span> <span class='ocrx_word' id='word_1_43' title='bbox 337 1212 473 1278; x_wconf 86' lang='lat' dir='ltr'>videtur</span> <span class='ocrx_word' id='word_1_44' title='bbox 486 1212 543 1276; x_wconf 92' lang='lat' dir='ltr'>ubi</span> <span class='ocrx_word' id='word_1_45' title='bbox 559 1233 632 1292; x_wconf 83' lang='lat' dir='ltr'>esse</span> <span class='ocrx_word' id='word_1_46' title='bbox 648 1221 681 1277; x_wconf 91' lang='lat' dir='ltr'>et</span> <span class='ocrx_word' id='word_1_47' title='bbox 695 1233 848 1278; x_wconf 84' lang='lat' dir='ltr'>crescere</span> <span class='ocrx_word' id='word_1_48' title='bbox 862 1217 971 1302; x_wconf 80' lang='lat' dir='ltr'>possit</span> 
     </span>
     <span class='ocr_line' id='line_1_8' title="bbox 78 1328 1158 1415; baseline 0.006 -23"><span class='ocrx_word' id='word_1_49' title='bbox 78 1351 188 1394; x_wconf 84' lang='lat' dir='ltr'>sorsum</span> <span class='ocrx_word' id='word_1_50' title='bbox 202 1330 314 1393; x_wconf 82' lang='lat' dir='ltr'>anima</span> <span class='ocrx_word' id='word_1_51' title='bbox 327 1336 430 1413; x_wconf 87' lang='lat' dir='ltr'>atque</span> <span class='ocrx_word' id='word_1_52' title='bbox 445 1329 590 1404; x_wconf 90' lang='lat' dir='ltr'>animus,</span> <span class='ocrx_word' id='word_1_53' title='bbox 600 1335 695 1393; x_wconf 81' lang='lat' dir='ltr'>teuto</span> <span class='ocrx_word' id='word_1_54' title='bbox 710 1328 815 1415; x_wconf 84' lang='lat' dir='ltr'>magis</span> <span class='ocrx_word' id='word_1_55' title='bbox 827 1330 1034 1397; x_wconf 86' lang='lat' dir='ltr'>infitiandum</span> <span class='ocrx_word' id='word_1_56' title='bbox 1155 1357 1158 1364; x_wconf 91' lang='lat'>·</span> 
     </span>
     <span class='ocr_line' id='line_1_9' title="bbox 80 1441 844 1532; baseline 0.004 -26"><span class='ocrx_word' id='word_1_57' title='bbox 80 1453 168 1506; x_wconf 87' lang='lat' dir='ltr'>totum</span> <span class='ocrx_word' id='word_1_58' title='bbox 180 1465 283 1532; x_wconf 90' lang='lat' dir='ltr'>posse</span> <span class='ocrx_word' id='word_1_59' title='bbox 298 1453 395 1510; x_wconf 82' lang='lat' dir='ltr'>extre</span> <span class='ocrx_word' id='word_1_60' title='bbox 409 1464 535 1529; x_wconf 88' lang='lat' dir='ltr'>corpus</span> <span class='ocrx_word' id='word_1_61' title='bbox 549 1441 671 1508; x_wconf 76' lang='lat' dir='ltr'>dirrare</span> <span class='ocrx_word' id='word_1_62' title='bbox 685 1443 844 1529; x_wconf 84' lang='lat' dir='ltr'>genique.</span> 
     </span>
     <span class='ocr_line' id='line_1_10' title="bbox 19 1557 882 1712; baseline 0.002 -89"><span class='ocrx_word' id='word_1_63' title='bbox 19 1589 21 1712; x_wconf 65' lang='lat' dir='ltr'>p</span> <span class='ocrx_word' id='word_1_64' title='bbox 79 1581 182 1643; x_wconf 68' lang='lat' dir='ltr'>qnare,</span> <span class='ocrx_word' id='word_1_65' title='bbox 194 1581 319 1647; x_wconf 89' lang='lat' dir='ltr'>eorpus</span> <span class='ocrx_word' id='word_1_66' title='bbox 335 1559 392 1623; x_wconf 90' lang='lat' dir='ltr'>ubi</span> <span class='ocrx_word' id='word_1_67' title='bbox 405 1557 546 1634; x_wconf 87' lang='lat' dir='ltr'>interiit,</span> <span class='ocrx_word' id='word_1_68' title='bbox 556 1557 694 1643; x_wconf 82' lang='lat' dir='ltr'>periisse</span> <span class='ocrx_word' id='word_1_69' title='bbox 708 1569 882 1626; x_wconf 79' lang='lat' dir='ltr'>necessest</span> 
     </span>
     <span class='ocr_line' id='line_1_11' title="bbox 19 1671 950 1770; baseline 0.006 -34"><span class='ocrx_word' id='word_1_70' title='bbox 19 1715 21 1770; x_wconf 54' lang='lat' dir='ltr'>p</span> <span class='ocrx_word' id='word_1_71' title='bbox 78 1675 238 1739; x_wconf 80' lang='lat' dir='ltr'>confiteare</span> <span class='ocrx_word' id='word_1_72' title='bbox 250 1674 396 1738; x_wconf 75' lang='lat' dir='ltr'>animam</span> <span class='ocrx_word' id='word_1_73' title='bbox 411 1671 605 1738; x_wconf 77' lang='lat' dir='ltr'>distractam</span> <span class='ocrx_word' id='word_1_74' title='bbox 619 1673 653 1736; x_wconf 91' lang='lat' dir='ltr'>in</span> <span class='ocrx_word' id='word_1_75' title='bbox 669 1695 813 1760; x_wconf 89' lang='lat' dir='ltr'>corpore</span> <span class='ocrx_word' id='word_1_76' title='bbox 828 1683 918 1741; x_wconf 87' lang='lat' dir='ltr'>toto.</span> <span class='ocrx_word' id='word_1_77' title='bbox 947 1677 950 1682; x_wconf 85' lang='grc'><strong>’</strong></span> 
     </span>
     <span class='ocr_line' id='line_1_12' title="bbox 33 1788 910 1876; baseline 0.008 -28"><span class='ocrx_word' id='word_1_78' title='bbox 33 1807 62 1848; x_wconf 71' lang='lat' dir='ltr'>nc</span> <span class='ocrx_word' id='word_1_79' title='bbox 77 1790 183 1876; x_wconf 87' lang='lat' dir='ltr'>qnippe</span> <span class='ocrx_word' id='word_1_80' title='bbox 197 1789 321 1854; x_wconf 86' lang='lat' dir='ltr'>etenim</span> <span class='ocrx_word' id='word_1_81' title='bbox 330 1788 474 1852; x_wconf 75' lang='lat' dir='ltr'>mortale</span> <span class='ocrx_word' id='word_1_82' title='bbox 488 1796 626 1852; x_wconf 83' lang='lat' dir='ltr'>aeterno</span> <span class='ocrx_word' id='word_1_83' title='bbox 639 1788 778 1874; x_wconf 85' lang='lat' dir='ltr'>iungere</span> <span class='ocrx_word' id='word_1_84' title='bbox 793 1799 828 1854; x_wconf 90' lang='lat' dir='ltr'>et</span> <span class='ocrx_word' id='word_1_85' title='bbox 841 1791 910 1855; x_wconf 77' lang='lat' dir='ltr'>unu</span> 
     </span>
     <span class='ocr_line' id='line_1_13' title="bbox 77 1901 781 1990; baseline 0 -22"><span class='ocrx_word' id='word_1_86' title='bbox 77 1905 247 1968; x_wconf 88' lang='lat' dir='ltr'>consentire</span> <span class='ocrx_word' id='word_1_87' title='bbox 262 1910 383 1990; x_wconf 85' lang='lat' dir='ltr'>putare</span> <span class='ocrx_word' id='word_1_88' title='bbox 398 1911 431 1966; x_wconf 90' lang='lat' dir='ltr'>et</span> <span class='ocrx_word' id='word_1_89' title='bbox 445 1901 539 1988; x_wconf 73' lang='lat' dir='ltr'>fingi</span> <span class='ocrx_word' id='word_1_90' title='bbox 552 1909 666 1966; x_wconf 84' lang='lat' dir='ltr'>mutue</span> <span class='ocrx_word' id='word_1_91' title='bbox 680 1924 781 1987; x_wconf 88' lang='lat' dir='ltr'>posse</span> 
     </span>
     <span class='ocr_line' id='line_1_14' title="bbox 77 2016 961 2104; baseline 0.008 -24"><span class='ocrx_word' id='word_1_92' title='bbox 77 2017 262 2104; x_wconf 86' lang='lat' dir='ltr'>desiperest:</span> <span class='ocrx_word' id='word_1_93' title='bbox 275 2016 357 2103; x_wconf 91' lang='lat' dir='ltr'>quid</span> <span class='ocrx_word' id='word_1_94' title='bbox 372 2017 458 2082; x_wconf 91' lang='lat' dir='ltr'>enim</span> <span class='ocrx_word' id='word_1_95' title='bbox 473 2016 637 2082; x_wconf 80' lang='lat' dir='ltr'>diversius</span> <span class='ocrx_word' id='word_1_96' title='bbox 652 2039 726 2082; x_wconf 89' lang='lat' dir='ltr'>esse</span> <span class='ocrx_word' id='word_1_97' title='bbox 740 2019 961 2104; x_wconf 78' lang='lat' dir='ltr'>putandumst</span> 
     </span>
     <span class='ocr_line' id='line_1_15' title="bbox 77 2129 925 2221; baseline 0.006 -25"><span class='ocrx_word' id='word_1_98' title='bbox 77 2143 122 2198; x_wconf 84' lang='lat' dir='ltr'>cut</span> <span class='ocrx_word' id='word_1_99' title='bbox 133 2135 234 2220; x_wconf 85' lang='lat' dir='ltr'>magis</span> <span class='ocrx_word' id='word_1_100' title='bbox 249 2133 337 2197; x_wconf 89' lang='lat' dir='ltr'>inter</span> <span class='ocrx_word' id='word_1_101' title='bbox 351 2153 389 2196; x_wconf 91' lang='lat' dir='ltr'>se</span> <span class='ocrx_word' id='word_1_102' title='bbox 404 2131 605 2196; x_wconf 88' lang='lat' dir='ltr'>disiunctum</span> <span class='ocrx_word' id='word_1_103' title='bbox 619 2129 925 2221; x_wconf 82' lang='lat' dir='ltr'>discrepitsnsque‚</span> 
     </span>
     <span class='ocr_line' id='line_1_16' title="bbox 78 2244 941 2335; baseline 0.003 -24"><span class='ocrx_word' id='word_1_104' title='bbox 78 2271 159 2333; x_wconf 80' lang='lat' dir='ltr'>qnam</span> <span class='ocrx_word' id='word_1_105' title='bbox 172 2247 315 2314; x_wconf 73' lang='lat' dir='ltr'>mortale</span> <span class='ocrx_word' id='word_1_106' title='bbox 330 2244 424 2333; x_wconf 91' lang='lat' dir='ltr'>quod</span> <span class='ocrx_word' id='word_1_107' title='bbox 439 2255 490 2311; x_wconf 88' lang='lat' dir='ltr'>est</span> <span class='ocrx_word' id='word_1_108' title='bbox 503 2247 670 2312; x_wconf 83' lang='lat' dir='ltr'>inmortali</span> <span class='ocrx_word' id='word_1_109' title='bbox 685 2255 787 2335; x_wconf 83' lang='lat' dir='ltr'>atque</span> <span class='ocrx_word' id='word_1_110' title='bbox 802 2251 941 2335; x_wconf 88' lang='lat' dir='ltr'>perenni</span> 
     </span>
     <span class='ocr_line' id='line_1_17' title="bbox 33 2361 905 2449; baseline 0.01 -30"><span class='ocrx_word' id='word_1_111' title='bbox 33 2380 61 2422; x_wconf 71' lang='lat' dir='ltr'>rc</span> <span class='ocrx_word' id='word_1_112' title='bbox 75 2364 204 2429; x_wconf 87' lang='lat' dir='ltr'>iunctum</span> <span class='ocrx_word' id='word_1_113' title='bbox 217 2365 254 2428; x_wconf 91' lang='lat' dir='ltr'>in</span> <span class='ocrx_word' id='word_1_114' title='bbox 269 2361 409 2428; x_wconf 91' lang='lat' dir='ltr'>concilio</span> <span class='ocrx_word' id='word_1_115' title='bbox 424 2381 542 2425; x_wconf 83' lang='lat' dir='ltr'>saevas</span> <span class='ocrx_word' id='word_1_116' title='bbox 558 2362 700 2426; x_wconf 85' lang='lat' dir='ltr'>tolerare</span> <span class='ocrx_word' id='word_1_117' title='bbox 715 2363 905 2449; x_wconf 68' lang='lat' dir='ltr'>procellas?</span> 
     </span>
     <span class='ocr_line' id='line_1_18' title="bbox 19 2475 934 2564; baseline 0.011 -29"><span class='ocrx_word' id='word_1_118' title='bbox 19 2549 20 2556; x_wconf 8' lang='grc' dir='ltr'>ἵ</span> <span class='ocrx_word' id='word_1_119' title='bbox 34 2495 60 2537; x_wconf 74' lang='lat' dir='ltr'>m</span> <span class='ocrx_word' id='word_1_120' title='bbox 76 2478 191 2564; x_wconf 86' lang='lat' dir='ltr'>quodsi</span> <span class='ocrx_word' id='word_1_121' title='bbox 205 2479 296 2544; x_wconf 83' lang='lat' dir='ltr'>forte</span> <span class='ocrx_word' id='word_1_122' title='bbox 310 2476 392 2541; x_wconf 80' lang='lat' dir='ltr'>idac</span> <span class='ocrx_word' id='word_1_123' title='bbox 402 2475 507 2561; x_wconf 78' lang='lat' dir='ltr'>magis</span> <span class='ocrx_word' id='word_1_124' title='bbox 521 2476 716 2541; x_wconf 83' lang='lat' dir='ltr'>immortalis</span> <span class='ocrx_word' id='word_1_125' title='bbox 729 2477 934 2554; x_wconf 78' lang='lat' dir='ltr'>habeodcst,</span> 
     </span>
     <span class='ocr_line' id='line_1_19' title="bbox 19 2575 798 2678; baseline -0.003 -20"><span class='ocrx_word' id='word_1_126' title='bbox 19 2575 21 2658; x_wconf 78' lang='lat' dir='ltr'>i</span> <span class='ocrx_word' id='word_1_127' title='bbox 77 2595 153 2678; x_wconf 84' lang='lat' dir='ltr'>quod</span> <span class='ocrx_word' id='word_1_128' title='bbox 165 2595 320 2660; x_wconf 78' lang='lat' dir='ltr'>letalibus</span> <span class='ocrx_word' id='word_1_129' title='bbox 336 2593 378 2656; x_wconf 86' lang='lat' dir='ltr'>ab</span> <span class='ocrx_word' id='word_1_130' title='bbox 393 2593 495 2656; x_wconf 88' lang='lat' dir='ltr'>rebus</span> <span class='ocrx_word' id='word_1_131' title='bbox 509 2592 636 2656; x_wconf 85' lang='lat' dir='ltr'>munita</span> <span class='ocrx_word' id='word_1_132' title='bbox 650 2599 798 2669; x_wconf 89' lang='lat' dir='ltr'>tenetur,</span> 
     </span>
     <span class='ocr_line' id='line_1_20' title="bbox 77 2707 966 2796; baseline 0.003 -24"><span class='ocrx_word' id='word_1_133' title='bbox 77 2717 122 2774; x_wconf 83' lang='lat' dir='ltr'>ant</span> <span class='ocrx_word' id='word_1_134' title='bbox 134 2711 208 2796; x_wconf 76' lang='lat' dir='ltr'>quia</span> <span class='ocrx_word' id='word_1_135' title='bbox 223 2729 292 2774; x_wconf 90' lang='lat' dir='ltr'>non</span> <span class='ocrx_word' id='word_1_136' title='bbox 307 2707 445 2772; x_wconf 88' lang='lat' dir='ltr'>veniunt</span> <span class='ocrx_word' id='word_1_137' title='bbox 459 2707 593 2772; x_wconf 90' lang='lat' dir='ltr'>omnino</span> <span class='ocrx_word' id='word_1_138' title='bbox 609 2707 859 2786; x_wconf 70' lang='lat' dir='ltr'>anomalum,</span> <span class='ocrx_word' id='word_1_139' title='bbox 963 2713 966 2720; x_wconf 88' lang='grc'><strong><em>’</em></strong></span> 
     </span>
     <span class='ocr_line' id='line_1_21' title="bbox 77 2823 912 2910; baseline 0.005 -25"><span class='ocrx_word' id='word_1_140' title='bbox 77 2835 122 2888; x_wconf 85' lang='lat' dir='ltr'>aut</span> <span class='ocrx_word' id='word_1_141' title='bbox 134 2825 209 2910; x_wconf 81' lang='lat' dir='ltr'>quia</span> <span class='ocrx_word' id='word_1_142' title='bbox 225 2845 311 2910; x_wconf 80' lang='lat' dir='ltr'>quae</span> <span class='ocrx_word' id='word_1_143' title='bbox 326 2823 465 2887; x_wconf 87' lang='lat' dir='ltr'>veniunt</span> <span class='ocrx_word' id='word_1_144' title='bbox 478 2823 590 2908; x_wconf 79' lang='lat' dir='ltr'>aliquo</span> <span class='ocrx_word' id='word_1_145' title='bbox 602 2823 732 2888; x_wconf 81' lang='lat' dir='ltr'>ratione</span> <span class='ocrx_word' id='word_1_146' title='bbox 746 2823 912 2890; x_wconf 86' lang='lat' dir='ltr'>recedunt</span> 
     </span>
     <span class='ocr_line' id='line_1_22' title="bbox 19 2919 962 3024; baseline 0 -22"><span class='ocrx_word' id='word_1_147' title='bbox 19 2919 20 2924; x_wconf 8' lang='grc' dir='ltr'>ἵ</span> <span class='ocrx_word' id='word_1_148' title='bbox 77 2939 155 3023; x_wconf 80' lang='lat' dir='ltr'>pulsu</span> <span class='ocrx_word' id='word_1_149' title='bbox 168 2939 262 3024; x_wconf 87' lang='lat' dir='ltr'>prius</span> <span class='ocrx_word' id='word_1_150' title='bbox 278 2958 378 3024; x_wconf 85' lang='lat' dir='ltr'>quam</span> <span class='ocrx_word' id='word_1_151' title='bbox 393 2937 476 3022; x_wconf 91' lang='lat' dir='ltr'>quid</span> <span class='ocrx_word' id='word_1_152' title='bbox 489 2945 635 3002; x_wconf 80' lang='lat' dir='ltr'>noceant</span> <span class='ocrx_word' id='word_1_153' title='bbox 649 2938 772 3002; x_wconf 85' lang='lat' dir='ltr'>sentire</span> <span class='ocrx_word' id='word_1_154' title='bbox 788 2958 962 3022; x_wconf 78' lang='lat' dir='ltr'>queamus,</span> 
     </span>
    </p>
   </div>
   <div class='ocr_carea' id='block_1_3' title="bbox 34 3165 1061 4061">
    <p class='ocr_par' dir='ltr' id='par_1_3' title="bbox 34 3165 1061 4061">
     <span class='ocr_line' id='line_1_23' title="bbox 77 3165 1061 3253; baseline 0.001 -21"><span class='ocrx_word' id='word_1_155' title='bbox 77 3179 192 3253; x_wconf 82' lang='lat' dir='ltr'>practer</span> <span class='ocrx_word' id='word_1_156' title='bbox 208 3169 296 3234; x_wconf 88' lang='lat' dir='ltr'>enim</span> <span class='ocrx_word' id='word_1_157' title='bbox 311 3189 410 3253; x_wconf 85' lang='lat' dir='ltr'>quam</span> <span class='ocrx_word' id='word_1_158' title='bbox 427 3165 520 3252; x_wconf 92' lang='lat' dir='ltr'>quod</span> <span class='ocrx_word' id='word_1_159' title='bbox 533 3165 659 3230; x_wconf 88' lang='lat' dir='ltr'>morbis</span> <span class='ocrx_word' id='word_1_160' title='bbox 674 3186 749 3228; x_wconf 90' lang='lat' dir='ltr'>oum</span> <span class='ocrx_word' id='word_1_161' title='bbox 763 3166 915 3251; x_wconf 87' lang='lat' dir='ltr'>corporis</span> <span class='ocrx_word' id='word_1_162' title='bbox 930 3177 1061 3252; x_wconf 84' lang='lat' dir='ltr'>aegret‚</span> 
     </span>
     <span class='ocr_line' id='line_1_24' title="bbox 34 3279 887 3369; baseline 0.001 -27"><span class='ocrx_word' id='word_1_163' title='bbox 34 3289 62 3337; x_wconf 67' lang='lat' dir='ltr'>tt</span> <span class='ocrx_word' id='word_1_164' title='bbox 77 3279 196 3350; x_wconf 82' lang='lat' dir='ltr'>advenit</span> <span class='ocrx_word' id='word_1_165' title='bbox 210 3283 247 3348; x_wconf 91' lang='lat' dir='ltr'>id</span> <span class='ocrx_word' id='word_1_166' title='bbox 263 3281 356 3369; x_wconf 92' lang='lat' dir='ltr'>quod</span> <span class='ocrx_word' id='word_1_167' title='bbox 371 3303 444 3346; x_wconf 81' lang='lat' dir='ltr'>earn</span> <span class='ocrx_word' id='word_1_168' title='bbox 460 3279 617 3345; x_wconf 89' lang='lat' dir='ltr'>derebus</span> <span class='ocrx_word' id='word_1_169' title='bbox 632 3301 733 3366; x_wconf 84' lang='lat' dir='ltr'>saepe</span> <span class='ocrx_word' id='word_1_170' title='bbox 748 3281 868 3344; x_wconf 88' lang='lat' dir='ltr'>futuris</span> <span class='ocrx_word' id='word_1_171' title='bbox 885 3283 887 3290; x_wconf 88' lang='lat'>&#39;</span> 
     </span>
     <span class='ocr_line' id='line_1_25' title="bbox 77 3395 961 3485; baseline 0.005 -27"><span class='ocrx_word' id='word_1_172' title='bbox 77 3408 205 3464; x_wconf 74' lang='lat' dir='ltr'>maceret</span> <span class='ocrx_word' id='word_1_173' title='bbox 220 3399 321 3485; x_wconf 92' lang='lat' dir='ltr'>inque</span> <span class='ocrx_word' id='word_1_174' title='bbox 336 3407 426 3462; x_wconf 89' lang='lat' dir='ltr'>metu</span> <span class='ocrx_word' id='word_1_175' title='bbox 440 3397 524 3462; x_wconf 83' lang='lat' dir='ltr'>mele</span> <span class='ocrx_word' id='word_1_176' title='bbox 538 3395 642 3460; x_wconf 84' lang='lat' dir='ltr'>habet</span> <span class='ocrx_word' id='word_1_177' title='bbox 656 3395 813 3480; x_wconf 88' lang='lat' dir='ltr'>curisque</span> <span class='ocrx_word' id='word_1_178' title='bbox 827 3395 961 3483; x_wconf 80' lang='lat' dir='ltr'>fatigat,</span> 
     </span>
     <span class='ocr_line' id='line_1_26' title="bbox 79 3510 962 3598; baseline 0 -22"><span class='ocrx_word' id='word_1_179' title='bbox 79 3513 317 3598; x_wconf 82' lang='lat' dir='ltr'>praeteritisque</span> <span class='ocrx_word' id='word_1_180' title='bbox 331 3512 417 3576; x_wconf 85' lang='lat' dir='ltr'>mele</span> <span class='ocrx_word' id='word_1_181' title='bbox 432 3510 585 3577; x_wconf 87' lang='lat' dir='ltr'>admissis</span> <span class='ocrx_word' id='word_1_182' title='bbox 599 3521 741 3598; x_wconf 81' lang='lat' dir='ltr'>peccata</span> <span class='ocrx_word' id='word_1_183' title='bbox 753 3511 962 3578; x_wconf 86' lang='lat' dir='ltr'>remordent.</span> 
     </span>
     <span class='ocr_line' id='line_1_27' title="bbox 78 3625 1003 3712; baseline 0.004 -24"><span class='ocrx_word' id='word_1_184' title='bbox 78 3625 151 3692; x_wconf 80' lang='lat' dir='ltr'>adde</span> <span class='ocrx_word' id='word_1_185' title='bbox 163 3629 312 3694; x_wconf 85' lang='lat' dir='ltr'>furorem</span> <span class='ocrx_word' id='word_1_186' title='bbox 326 3627 425 3692; x_wconf 86' lang='lat' dir='ltr'>animi</span> <span class='ocrx_word' id='word_1_187' title='bbox 440 3627 611 3712; x_wconf 89' lang='lat' dir='ltr'>proprium</span> <span class='ocrx_word' id='word_1_188' title='bbox 626 3634 727 3712; x_wconf 88' lang='lat' dir='ltr'>atque</span> <span class='ocrx_word' id='word_1_189' title='bbox 742 3626 1003 3704; x_wconf 70' lang='lat' dir='ltr'>oblivionem,</span> 
     </span>
     <span class='ocr_line' id='line_1_28' title="bbox 78 3741 902 3830; baseline 0.002 -26"><span class='ocrx_word' id='word_1_190' title='bbox 78 3741 150 3807; x_wconf 79' lang='lat' dir='ltr'>adde</span> <span class='ocrx_word' id='word_1_191' title='bbox 163 3743 258 3830; x_wconf 88' lang='lat' dir='ltr'>quod</span> <span class='ocrx_word' id='word_1_192' title='bbox 271 3745 306 3808; x_wconf 92' lang='lat' dir='ltr'>in</span> <span class='ocrx_word' id='word_1_193' title='bbox 321 3744 433 3830; x_wconf 83' lang='lat' dir='ltr'>nigras</span> <span class='ocrx_word' id='word_1_194' title='bbox 448 3741 590 3828; x_wconf 83' lang='lat' dir='ltr'>lethargi</span> <span class='ocrx_word' id='word_1_195' title='bbox 603 3742 762 3828; x_wconf 83' lang='lat' dir='ltr'>mergitur</span> <span class='ocrx_word' id='word_1_196' title='bbox 776 3741 902 3806; x_wconf 84' lang='lat' dir='ltr'>undas.</span> 
     </span>
     <span class='ocr_line' id='line_1_29' title="bbox 35 3855 995 3946; baseline 0 -26"><span class='ocrx_word' id='word_1_197' title='bbox 35 3865 62 3907; x_wconf 69' lang='grc'>00</span> <span class='ocrx_word' id='word_1_198' title='bbox 108 3855 158 3922; x_wconf 87' lang='lat' dir='ltr'>Nil</span> <span class='ocrx_word' id='word_1_199' title='bbox 170 3859 271 3946; x_wconf 83' lang='lat' dir='ltr'>igitur</span> <span class='ocrx_word' id='word_1_200' title='bbox 286 3879 375 3924; x_wconf 90' lang='lat' dir='ltr'>mors</span> <span class='ocrx_word' id='word_1_201' title='bbox 391 3867 442 3924; x_wconf 86' lang='lat' dir='ltr'>est</span> <span class='ocrx_word' id='word_1_202' title='bbox 456 3857 501 3922; x_wconf 86' lang='lat' dir='ltr'>ad</span> <span class='ocrx_word' id='word_1_203' title='bbox 514 3877 579 3921; x_wconf 88' lang='lat' dir='ltr'>nos</span> <span class='ocrx_word' id='word_1_204' title='bbox 592 3877 703 3941; x_wconf 86' lang='lat' dir='ltr'>neque</span> <span class='ocrx_word' id='word_1_205' title='bbox 717 3857 863 3942; x_wconf 86' lang='lat' dir='ltr'>pertinet</span> <span class='ocrx_word' id='word_1_206' title='bbox 877 3856 995 3932; x_wconf 86' lang='lat' dir='ltr'>hilum,</span> 
     </span>
     <span class='ocr_line' id='line_1_30' title="bbox 79 3970 951 4061; baseline 0.002 -29"><span class='ocrx_word' id='word_1_207' title='bbox 79 3973 335 4061; x_wconf 80' lang='lat' dir='ltr'>quondoquidem</span> <span class='ocrx_word' id='word_1_208' title='bbox 351 3983 472 4038; x_wconf 78' lang='lat' dir='ltr'>nature</span> <span class='ocrx_word' id='word_1_209' title='bbox 486 3971 584 4036; x_wconf 85' lang='lat' dir='ltr'>animi</span> <span class='ocrx_word' id='word_1_210' title='bbox 599 3970 747 4036; x_wconf 83' lang='lat' dir='ltr'>mortalis</span> <span class='ocrx_word' id='word_1_211' title='bbox 761 3971 920 4036; x_wconf 85' lang='lat' dir='ltr'>hebetur.</span> <span class='ocrx_word' id='word_1_212' title='bbox 949 3999 951 4004; x_wconf 54' lang='grc'>’</span> 
     </span>
    </p>
   </div>
   <div class='ocr_carea' id='block_1_4' title="bbox 81 4285 1195 4525">
    <p class='ocr_par' dir='ltr' id='par_1_4' title="bbox 81 4285 1195 4525">
     <span class='ocr_line' id='line_1_31' title="bbox 82 4285 1195 4360; baseline 0.003 -24"><span class='ocrx_word' id='word_1_213' title='bbox 82 4289 121 4336; x_wconf 81' lang='grc' dir='ltr'>ῖο0</span> <span class='ocrx_word' id='word_1_214' title='bbox 138 4287 215 4350; x_wconf 84' lang='lat' dir='ltr'>Quod</span> <span class='ocrx_word' id='word_1_215' title='bbox 243 4287 253 4360; x_wconf 70' lang='lat' dir='ltr'>ll</span> <span class='ocrx_word' id='word_1_216' title='bbox 281 4295 330 4342; x_wconf 81' lang='grc'>798</span> <span class='ocrx_word' id='word_1_217' title='bbox 350 4289 451 4360; x_wconf 82' lang='lat' dir='ltr'>perisse</span> <span class='ocrx_word' id='word_1_218' title='bbox 476 4287 486 4360; x_wconf 71' lang='lat' dir='ltr'>ll</span> <span class='ocrx_word' id='word_1_219' title='bbox 512 4297 560 4342; x_wconf 79' lang='grc'>000</span> <span class='ocrx_word' id='word_1_220' title='bbox 580 4289 717 4342; x_wconf 78' lang='lat' dir='ltr'>nrortulem</span> <span class='ocrx_word' id='word_1_221' title='bbox 741 4287 750 4354; x_wconf 73' lang='lat' dir='ltr'>ll</span> <span class='ocrx_word' id='word_1_222' title='bbox 771 4285 1195 4358; x_wconf 61' lang='lat' dir='ltr'>804perenni.{1805sclrasll</span> 
     </span>
     <span class='ocr_line' id='line_1_32' title="bbox 81 4368 1195 4442; baseline 0.004 -27"><span class='ocrx_word' id='word_1_223' title='bbox 81 4373 435 4437; x_wconf 74' lang='lat' dir='ltr'>cce-sls=v‚3st-3oc‚</span> <span class='ocrx_word' id='word_1_224' title='bbox 455 4373 464 4442; x_wconf 71' lang='lat' dir='ltr'>ll</span> <span class='ocrx_word' id='word_1_225' title='bbox 483 4379 532 4425; x_wconf 82' lang='grc'>820</span> <span class='ocrx_word' id='word_1_226' title='bbox 550 4373 674 4426; x_wconf 81' lang='lat' dir='ltr'>vitalibus</span> <span class='ocrx_word' id='word_1_227' title='bbox 703 4370 713 4442; x_wconf 84' lang='grc' dir='ltr'>ΙΙ</span> <span class='ocrx_word' id='word_1_228' title='bbox 741 4378 789 4424; x_wconf 78' lang='grc'>824</span> <span class='ocrx_word' id='word_1_229' title='bbox 809 4373 919 4426; x_wconf 86' lang='lat' dir='ltr'>morbist</span> <span class='ocrx_word' id='word_1_230' title='bbox 945 4368 955 4440; x_wconf 72' lang='lat' dir='ltr'>ll</span> <span class='ocrx_word' id='word_1_231' title='bbox 983 4372 1080 4442; x_wconf 85' lang='lat' dir='ltr'>aegrit.</span> <span class='ocrx_word' id='word_1_232' title='bbox 1108 4371 1118 4439; x_wconf 89' lang='grc' dir='ltr'>ΙΙ</span> <span class='ocrx_word' id='word_1_233' title='bbox 1146 4374 1195 4421; x_wconf 80' lang='grc'>820</span> 
     </span>
     <span class='ocr_line' id='line_1_33' title="bbox 81 4445 374 4525; baseline 0.034 -27"><span class='ocrx_word' id='word_1_234' title='bbox 81 4445 187 4508; x_wconf 75' lang='lat' dir='ltr'>limeret</span> <span class='ocrx_word' id='word_1_235' title='bbox 204 4453 215 4525; x_wconf 69' lang='lat' dir='ltr'>l</span> <span class='ocrx_word' id='word_1_236' title='bbox 234 4461 283 4510; x_wconf 77' lang='lat'>829</span> <span class='ocrx_word' id='word_1_237' title='bbox 302 4455 374 4509; x_wconf 84' lang='lat' dir='ltr'>Addi</span> 
     </span>
    </p>
   </div>
   <div class='ocr_carea' id='block_1_5' title="bbox 0 0 1505 5268">
    <p class='ocr_par' dir='ltr' id='par_1_5' title="bbox 0 0 1505 5268">
     <span class='ocr_line' id='line_1_34' title="bbox 0 0 1505 5268; baseline 0 0"><span class='ocrx_word' id='word_1_238' title='bbox 0 0 1505 5268; x_wconf 95' lang='lat' dir='ltr'> </span> 
     </span>
    </p>
   </div>
  </div>
 </body>
</html>
