2990 5202
672 431 720 500 Ill
1184 437 1250 506 199

141 604 207 669 lito
221 604 362 668 imbellem
377 653 386 684 ‚
404 605 503 693 asora
517 606 665 685 adomim,
682 629 739 669 saa
753 609 911 692 occupati,
927 606 1011 672 Novi
1023 609 1180 683 umbilici,
1203 608 1253 675 die

135 703 223 766 otiosi
241 727 252 763 :
280 701 423 768 Horatio
453 704 487 766 in
509 705 692 768 carminum
714 703 812 775 111,2l
836 725 905 768 non
925 707 1032 770 ausim
1055 705 1250 772 adscribere

136 821 221 864 mero
240 801 424 876 incaluisse,
448 809 482 865 et
502 799 645 866 Ovidius
666 800 762 866 hiare
784 801 901 866 maluit
922 825 1070 869 amorum
1094 827 1130 880 ιι,
1143 805 1248 880 13,21,

128 897 332 985 precidit-sque
344 901 419 964 meis
424 899 500 986 save
514 901 641 988 Ilitlyic
658 951 664 964 .
687 900 748 965 sed
764 900 857 986 quod
872 903 1014 968 maxime
1029 905 1247 969 memorabile

135 1002 206 1070 eat,
216 1015 287 1058 non
297 997 418 1083 exigua
428 1019 509 1082 pars
519 1006 697 1083 poetarum
709 1001 750 1064 ab
764 999 903 1064 elisione
914 1001 1153 1066 vocabulorum
1165 1006 1248 1066 'iam-

133 1091 286 1158 bicorum
301 1097 435 1160 omnino
451 1098 707 1162 abstinuerunt:
726 1098 868 1182 primum
890 1097 1024 1182 quidem
1046 1100 1248 1184 quicumque

133 1199 272 1275 praeter
287 1190 454 1257 Catullum
469 1201 504 1258 et
517 1193 733 1280 Propertium
747 1193 901 1258 Undenis
916 1194 1130 1289 pedibusque
1146 1197 1248 1284 sylla-

133 1289 257 1374 bisque
269 1291 494 1375 scripserunt,
505 1291 659 1358 Tibullus
672 1313 746 1358 cum
756 1291 931 1378 Lygdamo
945 1300 979 1356 et
990 1291 1156 1377 Sulpicia,
1170 1293 1250 1357 Ovi-

134 1386 231 1461 dius,
246 1387 466 1474 Priapeorum
480 1397 622 1475 politae,
637 1389 824 1469 Martialis,
836 1389 899 1454 sed
913 1390 1009 1454 multi
1026 1411 1162 1475 quoque
1177 1391 1249 1466 alii,

132 1485 264 1550 Ennius
283 1488 317 1550 in
339 1486 570 1564 hexametris,
591 1486 705 1552 Varro
722 1495 818 1552 extra
834 1486 1028 1562 Sotadeos,
1051 1487 1249 1561 Lucretius,

133 1581 292 1648 Valerius
308 1582 414 1660 Cato,
429 1583 587 1659 Gratius,
603 1584 781 1660 Manilius,
796 1583 923 1648 Iliados
938 1585 1108 1670 interpres
1124 1634 1133 1660 ,
1149 1585 1248 1649 Colu-

133 1680 252 1758 mella,
266 1681 422 1747 Persius.
437 1682 472 1747 in
486 1681 774 1766 hendecasyllabo
790 1687 920 1756 tamen,
932 1689 971 1745 ut
984 1691 1069 1766 puto
1081 1731 1090 1761 ,
1102 1682 1247 1747 Bibacu-

132 1777 187 1842 lus
199 1779 315 1864 duplici
325 1790 395 1866 toya
404 1782 552 1845 incolatur
563 1779 656 1864 apud
668 1779 857 1854 Charisium
869 1801 901 1863 p.
913 1779 971 1843 102
984 1829 990 1843 .
1002 1780 1037 1843 in
1049 1780 1193 1864 Priapeo
1207 1781 1245 1844 64

131 1875 219 1941 male
240 1883 360 1942 contra
380 1877 533 1942 codicum
553 1878 653 1943 fidem
675 1879 835 1944 scribitur
852 1880 999 1941 masticem
1019 1880 1074 1942 dia
1088 1882 1272 1943 acsattcm:‘

133 1974 239 2040 debet
249 1996 324 2039 essa
335 1975 454 2042 Parum
465 1989 508 2040 eet
516 1979 618 2063 peccel,
634 1977 683 2041 bic
699 1977 871 2065 atfiairrme
888 1977 981 2040 semel
989 1977 1090 2040 sedem
1104 2025 1113 2058 ‚
1133 1979 1248 2061 Aperite

131 2084 217 2138 lma
235 2097 294 2158 per
314 2075 487 2137 caniculam
507 2075 603 2136 rimae
615 2074 809 2138 siticulosum
822 2075 1001 2136 sustinemus
1015 2083 1181 2137 aestatem.
1206 2095 1248 2136 ex

133 2169 357 2256 elegiacorum
368 2190 507 2236 numero
520 2170 755 2274 excerpendae
769 2173 890 2256 estqui
903 2170 1146 2256 composuitad
1156 2171 1247 2235 Mes·

131 2268 251 2334 callam
266 2287 423 2340 carmen,
441 2267 476 2332 in
492 2289 559 2352 quo
577 2277 630 2333 est
642 2270 736 2332 rubro
752 2269 838 2333 Eleis
853 2268 892 2331 32
914 2317 921 2344 ,
941 2269 1021 2333 item
1038 2269 1096 2352 qui
1111 2269 1249 2353 scripsit

130 2367 169 2430 in
184 2365 328 2448 epistula
338 2364 489 2430 Helenae
504 2366 543 2428 97
559 2367 653 2430 Dirce
667 2389 733 2430 mm
748 2369 902 2452 exeraplc.
919 2365 1030 2430 sedin
1045 2366 1190 2451 Priapeo
1206 2365 1247 2430 84

132 2461 347 2529 scribendum
363 2473 415 2527 est
437 2463 512 2528 Vere
525 2487 597 2528 rosa
610 2465 731 2548 ,porcis
745 2460 890 2529 calcatae
904 2511 913 2544 ‚
933 2486 1001 2528 non
1016 2486 1087 2528 rosa
1102 2469 1248 2528 antelamo

126 2562 256 2649 parib:
278 2567 380 2646 atque
399 2561 433 2624 in
450 2559 574 2626 Ovidio
596 2583 744 2626 amorum
761 2585 796 2635 ιι,
807 2561 854 2636 19,
864 2560 905 2625 20
921 2569 955 2625 ct
967 2562 1003 2626 in
1017 2561 1174 2625 Martiale
1189 2584 1247 2636 vn,
1344 2616 1347 2626 .

131 2658 232 2736 2⁰,20
246 2659 406 2724 Heinsius
421 2660 577 2744 peccavit
592 2707 601 2734 ,
620 2679 694 2724 cum
706 2658 787 2723 fecit
796 2661 867 2724 time
879 2659 1007 2724 iusidias
1020 2667 1053 2724 et
1065 2660 1154 2724 domo
1168 2659 1247 2724 irata·

132 2759 185 2822 lit.
202 2757 295 2843 quod
305 2765 418 2822 autem
429 2758 463 2820 in
475 2778 615 2843 operum
629 2755 873 2821 Ovidianorum
885 2757 1142 2842 corruptissimo
1155 2757 1246 2839 (tris-

131 2855 180 2920 tia
201 2856 297 2940 dico)
320 2855 443 2940 legitur
464 2853 636 2920 distichon
652 2856 695 2919 ab
712 2856 801 2918 omni
815 2862 914 2938 parte
929 2854 1114 2920 absurdum
1129 2901 1137 2928 ,
1159 2855 1246 2919 libro

131 2977 167 3030 11,
176 2953 237 3018 295
257 3001 265 3028 ,
287 2955 407 3017 Venerit
419 2956 452 3015 ia
466 2955 572 3037 mayai
586 2952 728 3035 templum
744 2999 753 3030 ,
777 2963 831 3014 taa
844 2975 973 3014 meinero
989 2999 998 3029 ,
1021 2952 1159 3028 claras,
1181 2950 1249 3013 Stat

139 3053 236 3118 Veram
253 3052 348 3114 illari
362 3052 466 3112 iuncta
479 3053 544 3112 viro
559 3059 628 3111 cate
633 3048 723 3133 soree
735 3051 832 3130 (nam
845 3067 954 3130 neque
968 3048 1002 3110 in
1019 3046 1179 3128 templum
1194 3047 1246 3108 in·

130 3156 202 3214 trat
214 3148 272 3231 qui
284 3166 324 3210 ea
335 3167 423 3230 quae
436 3145 617 3210 anteferes
629 3153 708 3208 sunt
718 3142 836 3208 videre
847 3142 938 3218 vult,
949 3163 1059 3227 neque
1071 3142 1165 3206 Mars
1176 3141 1246 3204 Ve-

130 3245 224 3312 neris
238 3244 291 3308 vir
305 3252 358 3307 est
378 3289 386 3317 ,
408 3243 471 3307 sed
486 3241 695 3325 Vulcanus),
710 3240 747 3306 id
763 3261 966 3326 quamquam
982 3238 1161 3304 emendare
1176 3259 1246 3301 non

130 3349 305 3431 poteram,
319 3362 389 3406 non
403 3348 515 3406 tamen
529 3347 713 3426 propterea
728 3337 908 3403 credebam
925 3337 1083 3402 Ovidium
1097 3339 1162 3400 niro
1177 3343 1247 3402 aare

130 3442 282 3508 scribere
296 3440 448 3525 potuisse
460 3485 467 3513 ,
480 3439 606 3524 quippe
619 3439 721 3523 quiin
732 3445 828 3501 tanto
845 3436 1027 3501 carminum
1042 3455 1180 3498 numero
1196 3435 1246 3496 ni·

129 3539 180 3606 hil
193 3547 335 3622 usquam
351 3536 456 3600 simile
471 3557 573 3600 ausus
589 3543 696 3600 esset:
711 3556 801 3598 nuno
812 3533 1099 3617 Maur.Hauptius
1110 3553 1245 3596 manum
1262 3563 1264 3570 >

130 3645 254 3724 potitae
270 3635 504 3700 emendatione
519 3635 745 3720 pulcherrima
756 3634 905 3698 restituit
915 3633 980 3706 ite,
993 3631 1062 3695 Stat
1079 3631 1177 3694 Veam
1194 3629 1246 3693 Ul-

131 3737 190 3802 tori
203 3737 322 3808 iaacta,
333 3734 380 3797 m'r
395 3733 574 3818 anteferes.
586 3732 675 3796 idem
690 3740 804 3795 tamen
820 3729 963 3794 Ovidius
980 3728 1063 3791 locis
1078 3749 1147 3792 non
1162 3747 1244 3809 pau·

131 3834 179 3900 cis
194 3844 236 3898 eet
249 3853 324 3897 cum
338 3831 513 3896 vocabulis
527 3830 678 3894 'iambicis
700 3828 843 3904 collisit;
861 3828 896 3889 in
917 3845 985 3910 quo
1008 3822 1157 3888 dubitari
1177 3843 1245 3886 non

131 3939 247 4018 potest
262 3930 343 4016 quin
357 3955 373 3992 e
387 3929 533 3994 litteram
550 3926 779 4010 suppresserit
796 3971 804 3996 ,
824 3934 902 3987 tacet
910 3971 919 4000 ,
933 3933 1046 3986 meaeet
1054 3969 1063 4000 ‚
1078 3921 1182 3999 loc-ist,
1196 3945 1244 3986 eo-

129 4027 548 4114 mammaemammal.
561 4033 665 4110 atque
681 4021 798 4088 eadem
813 4020 917 4094 haec,
929 4019 1022 4085 exiis
1033 4019 1145 4104 poitis
1157 4041 1245 4104 quos
1268 4095 1277 4110 ο

130 4127 322 4192 cautissime
336 4127 371 4190 in
385 4125 453 4189 hoc
467 4143 590 4210 genere
605 4129 761 4186 versatos
777 4139 852 4183 esse
869 4117 957 4192 dixi,
973 4118 1101 4182 habent
1114 4115 1244 4180 Lucre-

130 4226 218 4299 tius,
234 4222 388 4288 Tibullus
404 4245 448 4298 ιιι,
457 4223 514 4300 4,7
528 4222 631 4298 maliet
645 4229 679 4286 et
693 4220 728 4283 in
742 4217 889 4303 Priapeo
903 4217 1014 4295 croniet,
1028 4213 1167 4279 Gratius
1182 4213 1244 4276 412

129 4323 238 4388 maiore
248 4369 256 4400 ‚
268 4321 426 4386 Manilius
439 4345 473 4394 ιι,
483 4320 542 4384 427
559 4319 618 4382 491
630 4319 734 4404 pariat
745 4323 779 4380 et
791 4316 901 4395 locist,
912 4313 1093 4398 Priapeum
1107 4311 1144 4374 16
1154 4311 1247 4372 vireat

132 4429 166 4486 et
177 4421 216 4486 41
232 4430 313 4484 tacet
325 4466 335 4498 ,
352 4419 488 4496 Persius
501 4441 544 4494 rv,
558 4418 592 4482 17
609 4419 705 4482 boniet
714 4465 723 4496 ,
737 4414 902 4478 Martialis
918 4436 967 4488 111,
975 4413 1014 4476 97
1030 4420 1139 4482 ineest,
1151 4427 1194 4480 ιι,
1206 4405 1245 4469 16
