2946 5188
654 477 685 546 Il

15 667 73 712 sos
98 658 138 714 et
151 670 278 736 cycnea
294 604 377 714 mele
392 648 617 736 Phoebeaque
633 649 775 724 daedala
789 653 926 720 chordis

98 765 250 829 carmina
265 765 425 830 consimili
440 765 570 830 ratione
586 773 751 853 oppressa
765 767 916 835 silerent:

95 900 245 963 namque
260 878 331 944 aliis
345 877 437 944 aliud
450 881 676 968 praestantius
691 891 901 948 exereretur.

98 991 223 1057 cedere
237 993 317 1058 item
331 1001 423 1058 retro
438 1003 580 1081 possent
594 995 628 1059 in
643 995 828 1061 deteriore·

99 1108 212 1172 omnia
225 1108 273 1172 sio
287 1108 412 1194 partis,
423 1117 461 1174 nt
476 1107 618 1174 diximus
632 1111 666 1173 in
680 1101 840 1175 melioris:

17 1241 73 1286 aro
95 1243 245 1308 namque
259 1223 331 1288 aliis
346 1207 436 1288 aliud
450 1233 541 1288 retro
557 1245 692 1310 quoque
706 1226 848 1289 taetrius
863 1237 953 1292 esset

98 1338 239 1402 naribus
254 1338 389 1402 auribus
404 1346 506 1424 atque
522 1338 627 1404 oeulis
642 1339 776 1425 orisque
792 1342 918 1426 sapori.

99 1473 189 1536 quae
204 1452 360 1537 quoniam
376 1473 443 1516 non
456 1459 553 1525 sunt,
565 1451 626 1517 sed
641 1454 741 1518 rebus
755 1453 890 1520 reddita
905 1463 997 1521 certa

97 1565 175 1630 finis
190 1567 357 1651 utrimque
372 1575 463 1632 tenet
477 1567 653 1643 summa'm,
667 1567 795 1632 fateare
808 1580 992 1636 necessest·

98 1681 269 1744 materiem
285 1702 421 1768 quoque
435 1681 537 1747 finitis
552 1681 684 1746 differre
695 1683 826 1769 figuris.

18 1813 72 1858 515
97 1793 245 1880 denique
259 1796 301 1859 ab
316 1795 448 1882 ignibus
464 1795 508 1861 ad
522 1795 650 1882 gelidas
665 1797 729 1862 iter
741 1817 849 1883 usque
864 1801 1001 1884 pruinas

98 1909 259 1974 finitumst
272 1918 431 1997 retroque
445 1912 519 1997 pari
532 1912 662 1976 ratione
676 1923 911 1978 remensumst.

97 2024 202 2087 ambit
216 2024 301 2088 enim
317 2024 410 2090 calor
423 2047 463 2091 ao
476 2024 599 2112 frigus,
610 2025 776 2113 mediique
791 2035 926 2115 tepores

96 2139 328 2224 interutraque
342 2141 453 2204 iacent
468 2141 642 2229 explentes
657 2141 776 2206 ordine
790 2163 964 2207 summam:

97 2273 180 2338 crgo
195 2253 288 2317 finita
303 2252 429 2320 distant
443 2255 573 2320 ratione
590 2264 716 2330 creata,

20 2385 72 2430 tro
96 2368 235 2454 ancipiti
253 2369 407 2453 quoniam
421 2370 572 2434 mucroni
586 2371 752 2456 utrimque
767 2377 942 2446 notantur,

94 2482 176 2546 hinc
189 2480 328 2548 flammis
341 2482 430 2548 illinc
444 2483 559 2570 rigidis
574 2483 695 2549 infesta
708 2484 852 2572 pruinis.

142 2595 264 2682 [Quod
279 2599 434 2683 quoniam
450 2597 566 2676 docui,
577 2619 713 2686 pergam
730 2609 907 2666 conectere
922 2622 991 2666 rem
1007 2621 1092 2688 quae

96 2733 139 2776 ex
153 2711 221 2776 hoc
236 2721 316 2798 apta
328 2711 428 2777 fidem
443 2712 561 2790 ducat,
572 2714 754 2799 primordia
768 2737 877 2780 rerum
884 2765 893 2796 ‚

94 2827 184 2892 inter
199 2849 236 2892 se
251 2827 345 2892 simili
361 2849 447 2914 quae
462 2838 540 2894 sunt
554 2829 705 2914 perfecta
718 2829 840 2916 lignus,

21 2960 71 3003 525
94 2941 223 3006 infinita
238 2942 365 3008 cluere.
378 2944 500 3009 etenim
515 2943 674 3008 distantia
689 2965 762 3008 oum
777 2945 821 3008 sit

94 3057 276 3120 formarum
291 3056 401 3135 linita,
411 3079 550 3123 necesse
565 3065 617 3122 est
632 3078 718 3142 quae
734 3057 856 3122 similes
871 3060 940 3144 sint

94 3193 171 3235 esse
185 3171 347 3247 infinitas,
359 3181 418 3238 aut
432 3193 590 3238 summam
605 3171 757 3236 materiai

93 3287 219 3350 linitam
236 3293 391 3351 constare
402 3335 409 3363 ‚
420 3286 457 3350 id
472 3286 566 3374 quod
581 3308 648 3351 non
663 3307 738 3352 ease
753 3287 929 3373 probavi]

135 3401 296 3466 Protinus
312 3400 488 3466 ostendam
503 3403 703 3488 corpuscula
717 3402 867 3466 materiai

25 3534 69 3580 530
92 3538 135 3580 ex
151 3515 278 3580 infinito
294 3537 453 3582 summam
467 3538 575 3581 rerum
590 3538 698 3603 usque
711 3524 843 3592 tenere,

92 3629 244 3717 undique
259 3631 392 3716 protelo
407 3631 579 3718 plagarum
595 3632 806 3696 continuato.

92 3766 171 3809 nam
186 3744 279 3830 quod
293 3767 371 3810 rara
383 3745 479 3811 vides
494 3746 598 3832 magis
614 3768 688 3810 esse
703 3747 855 3810 animalia
870 3745 1047 3832 quaedam,

93 3859 340 3946 fecundamque
354 3861 462 3924 minus
477 3869 629 3925 naturam
645 3863 752 3926 cernis
767 3861 894 3936 inillis,

93 3985 130 4040 at
144 3975 281 4061 regione
297 3975 440 4061 locoque
455 3975 519 4041 alio
536 3976 701 4061 terrisque
716 3977 852 4041 remotis

93 4295 143 4340 512
163 4287 212 4342 sed
229 4297 362 4345 onrlecum.
388 4291 398 4360 ll
416 4297 465 4343 514
484 4291 591 4345 infinitis
611 4291 621 4358 ll
640 4297 687 4342 515
706 4290 852 4362 hiemisque
870 4292 880 4361 ll
899 4297 948 4345 517
968 4292 1062 4347 Omnia
1081 4295 1091 4362 ll
1111 4302 1160 4346 518
1181 4293 1224 4345 Ιιι-

96 4383 136 4426 ter
154 4381 279 4443 utrasque
296 4373 307 4439 ll
327 4380 376 4427 520
396 4375 494 4446 Αιιοὶρὶ
511 4375 522 4444 ΙΙ
543 4381 589 4428 521
612 4373 665 4426 lliu
684 4373 805 4444 llammpa
823 4375 833 4442 ΙΙ
853 4373 954 4429 infessa
974 4377 984 4442 ΙΙ
1003 4383 1051 4429 529
1065 4375 1195 4428 Versibus
1214 4373 1224 4440 ll

94 4461 144 4508 553
165 4456 249 4525 magis
