2946 5188
283 486 327 556 18
552 465 557 472 “
836 485 851 552 1

280 679 342 722 nec
356 681 417 746 per
431 679 468 723 se
484 678 680 744 quemquam
695 665 826 743 tempus
842 659 965 722 sentire
979 657 1186 724 fatendumst

281 783 443 839 semotum
458 774 501 838 ab
516 795 627 838 rerum
642 782 733 838 motu
747 771 947 858 placidaque
962 772 1090 858 quiete.

262 943 264 954 ,
280 887 423 973 denique
438 887 667 975 Tyndaridem
682 895 813 974 raptam
827 887 982 972 belloque
998 889 1156 952 subactas

132 1081 134 1086 ,
208 1019 256 1065 roa
278 1003 498 1087 Troiiugenas
514 1003 622 1088 gentis
638 1023 712 1066 cum
727 1001 843 1066 dicunt
858 1023 932 1066 esse
942 1051 949 1076 ,
960 999 1175 1066 videndumst

279 1139 321 1181 nc
335 1117 423 1182 forte
438 1117 521 1182 hacc
535 1137 598 1203 per
612 1138 648 1181 se
663 1125 786 1202 cogant
799 1138 862 1180 nos
877 1136 951 1180 esse
965 1114 1080 1190 fateri,

279 1232 415 1318 quando
431 1253 470 1296 ea
484 1231 595 1296 saecla
607 1231 795 1306 hominum,
807 1252 948 1316 quornm
962 1230 1046 1294 haec
1061 1239 1182 1296 eventa
1194 1229 1365 1308 fuerumt,

278 1347 511 1412 inrevocabilis
525 1347 700 1412 abstulerit
713 1347 778 1410 iam
792 1347 974 1431 praeterita
988 1353 1095 1409 aetas:

278 1483 421 1546 namque
436 1461 515 1525 aliut
529 1481 590 1547 per
605 1468 674 1524 sest
683 1507 691 1534 ,
701 1460 781 1524 aliut
795 1461 986 1544 regionibus
999 1461 1082 1545 ipsis

207 1593 256 1639 ero
279 1582 432 1638 eventum
449 1574 513 1638 diei
527 1573 652 1659 poterit
667 1571 760 1658 quod
775 1594 916 1658 cumque
931 1575 995 1638 erit
1008 1582 1134 1638 actum.

277 1688 421 1773 denique
435 1689 588 1752 materies
604 1689 631 1752 si
645 1708 756 1750 rerum
769 1686 859 1752 nulla
873 1685 1005 1761 fuisset,

276 1823 338 1868 nee
352 1803 447 1867 locus
462 1825 501 1866 ao
516 1803 676 1889 spatium,
688 1823 743 1866 res
757 1801 792 1864 in
807 1823 874 1886 quo
890 1823 1043 1888 quaeque
1057 1809 1232 1890 geruntur,

275 1939 454 2003 numquam
468 1914 675 2004 Tyndaridis
687 1899 815 1980 formae
830 1915 993 1982 conflatus
1007 1937 1120 1981 amore

275 2032 360 2116 ignis
371 2080 378 2106 ‚
390 2029 572 2096 Alexandri
586 2029 735 2117 Phrygio
750 2031 813 2094 sub
827 2038 966 2116 pectore
981 2030 1140 2117 gliscens,
1200 2057 1212 2086 ν

205 2162 253 2209 4⁷5
277 2146 367 2209 clara
381 2145 593 2210 accendisset
607 2145 698 2210 saevi
713 2145 893 2208 certamina
907 2144 1000 2220 belli,

276 2282 338 2324 nec
354 2263 436 2324 clam
453 2260 613 2326 durateus
628 2259 795 2324 Troiianis
809 2257 971 2344 Pergama
985 2267 1084 2344 partu

276 2375 511 2440 inflammasset
526 2397 633 2460 equos
648 2384 814 2439 nocturno
830 2373 1119 2459 Graiiugenarum

275 2490 466 2576 perspicere
480 2499 518 2553 ut
532 2490 643 2573 possis
657 2511 712 2552 res
727 2497 840 2572 gestas
855 2487 1005 2552 funditus
1021 2488 1127 2552 omnis
1220 2505 1225 2514 ·

275 2603 405 2665 nonita
418 2604 466 2666 uti
480 2623 604 2687 corpus
618 2622 679 2686 per
694 2623 730 2664 se
745 2609 901 2665 constare
915 2623 1024 2686 neque
1040 2625 1128 2678 esse,

204 2733 254 2779 reo
276 2737 338 2780 nec
352 2717 482 2780 ratione
497 2716 607 2779 cluere
623 2713 739 2779 eadem
755 2737 822 2800 qua
837 2724 970 2780 constet
982 2717 1095 2794 inane,

276 2829 337 2895 sed
352 2831 456 2916 magis
470 2838 508 2893 nt
521 2831 639 2894 merito
654 2831 766 2915 possis
782 2839 903 2894 eventa
916 2851 1038 2896 vocare

276 2945 428 3030 corporis
438 2995 446 3022 ,
457 2952 559 3030 atque
574 2944 638 3009 loci
648 2993 656 3016 ,
666 2966 722 3010 res
737 2947 771 3010 in
786 2967 853 3030 quo
869 2967 1023 3031 quaeque
1037 2955 1210 3031 gerantur.

301 3059 469 3154 ¹Corpora
484 3069 562 3126 suut
575 3081 678 3146 porro
694 3061 815 3147 partim
829 3060 1011 3148 primordia
1024 3082 1151 3133 rerum,

274 3176 395 3262 partim
410 3176 552 3239 coneilio
569 3197 655 3259 quae
670 3182 827 3240 constant
841 3177 1095 3261 principiorum.

202 3306 250 3351 ⁴8⁵
273 3288 334 3352 sed
350 3309 436 3372 quae
451 3297 530 3352 sunt
543 3310 653 3352 rernm
667 3288 867 3372 primordia,
879 3290 969 3352 nulla
982 3295 1097 3374 potest
1111 3290 1162 3354 vis

275 3403 461 3488 stinguere:
472 3423 546 3466 nam
563 3399 673 3464 solido
688 3403 827 3465 vincunt
842 3401 881 3464 ea
897 3423 1039 3487 corpore
1054 3402 1200 3468 demum.

274 3516 336 3580 etsi
352 3514 484 3579 difficile
500 3536 574 3579 esse
588 3513 720 3578 videtur
736 3514 874 3580 credere
890 3516 1068 3603 quicquam

274 3631 307 3694 in
322 3630 423 3695 rebus
438 3628 546 3694 solido
561 3630 699 3714 reperiri
714 3650 857 3716 corpore
871 3653 988 3717 posse.

273 3745 395 3809 transit
410 3745 495 3808 enim
508 3743 633 3808 fulmen
648 3745 774 3808 caelum
785 3793 792 3820 ‚
804 3767 866 3829 per
881 3755 998 3834 saepta
1012 3745 1185 3811 domorum

201 3875 250 3922 490
273 3858 396 3921 clamor
409 3859 437 3922 it
451 3879 491 3922 ac
504 3879 607 3923 voces
617 3908 624 3934 ‚
635 3857 758 3923 ferrum
775 3859 946 3926 candescit
958 3862 992 3924 in
1007 3861 1090 3947 igni,

274 3969 506 4056 dissiliuntque
519 3963 592 4037 fero
606 3972 770 4037 ferventia
784 3995 867 4039 saxa
880 3997 1020 4061 vapore:

273 4094 343 4149 tum
357 4085 578 4152 labefactatus
592 4087 682 4173 rigor
696 4089 768 4153 auri
783 4091 924 4155 solvitur
938 4097 1050 4154 aestu:

275 4369 323 4418 467
342 4363 435 4417 fuerit.
460 4365 470 4432 ll
492 4371 542 4417 469
561 4365 625 4418 aliut
642 4369 720 4420 terris
745 4343 759 4434 ll
779 4373 827 4420 473
847 4367 934 4420 forma
956 4369 966 4436 ll
990 4375 1039 4421 leo
1057 4369 1131 4423 luere
1153 4373 1163 4438 ΙΙ
1183 4378 1231 4424 tel
1250 4391 1300 4442 qun
1320 4375 1329 4440 ll
1349 4370 1396 4421 489

274 4447 370 4500 flumen
388 4446 454 4500 caeli
473 4449 482 4516 Η
501 4454 551 4501 490
569 4455 598 4502 ut
616 4447 649 4501 nd
668 4449 679 4518 ll
697 4457 744 4502 491
765 4449 877 4503 ferventi
897 4451 907 4520 ll
925 4457 974 4504 492
993 4452 1059 4506 Cum
