2946 5188
256 403 301 470 24
520 427 524 434 ·
811 409 827 474 Ι

254 583 405 640 naturam
422 599 519 662 quam
534 587 627 644 totus
642 580 745 645 habet
760 601 861 665 super
875 581 960 666 ignis
974 581 1153 647 haberent.

181 705 231 752 656
254 690 362 755 aerior
377 690 480 758 ardor
495 693 580 757 enim
595 693 772 760 conductis
788 695 938 780 partibus
954 706 1061 771 esset,

254 805 441 890 languidior
457 829 558 894 porro
575 807 723 874 disiectis
739 809 858 894 disque
874 811 1015 895 supatis:

255 921 394 1006 amplius
408 921 474 986 hoe
489 922 558 986 fieri
572 923 618 986 nil
634 923 793 1008 estquod
809 945 908 1010 posse
923 926 1027 988 rearis

255 1034 376 1098 talibus
390 1036 423 1098 in
439 1038 564 1111 causis,
576 1027 618 1100 66
634 1036 712 1102 dum
726 1039 888 1102 variantia
901 1060 1011 1102 rerum

254 1155 348 1212 tanta
363 1159 465 1238 queat
478 1150 591 1216 densis
605 1153 757 1238 rarisque
773 1173 814 1216 ex
827 1152 959 1237 ignibus
975 1174 1064 1219 esse.

183 1277 232 1322 655
253 1260 289 1324 id
304 1284 456 1349 quoque,
469 1267 496 1329 si
510 1265 635 1331 faciant
649 1267 830 1331 admixtum
845 1267 945 1330 rebus
960 1267 1074 1342 inane,

256 1375 389 1441 denseri
403 1388 563 1463 poterunt
576 1383 671 1465 ignes
686 1382 819 1466 rarique
835 1381 992 1465 relinqui:

254 1491 316 1553 sed
330 1494 408 1576 quia
422 1492 524 1556 multa
538 1495 600 1557 sibi
615 1505 757 1558 cernunt
770 1496 938 1558 contraria
952 1493 1074 1560 adesse

256 1612 290 1667 et
303 1605 447 1690 iirgitant
461 1607 494 1670 in
509 1609 609 1671 rebus
623 1609 720 1672 inane
735 1607 923 1692 relinquere
937 1630 1071 1694 purum,

256 1719 362 1784 ardua
377 1719 456 1784 dum
469 1729 638 1798 metuunt,
649 1723 804 1787 amittunt
817 1743 899 1786 vera
912 1724 991 1795 viai,

184 1849 232 1896 660
254 1855 315 1898 nee
329 1857 460 1899 rursum
476 1845 617 1900 cernunt
632 1845 786 1922 exempto
802 1838 903 1901 rebus
918 1839 1007 1900 inani

204 1970 210 1982 ·
256 1950 365 2012 omnia
381 1948 514 2013 denseri
527 1951 665 2036 fierique
680 1973 722 2015 ex
737 1952 890 2015 omnibus
905 1973 1005 2014 unum

255 2084 395 2148 eorpus,
407 2064 452 2128 nil
467 2065 509 2128 ab
525 2087 561 2128 66
577 2064 669 2150 quod
684 2067 793 2151 possit
807 2067 936 2130 mittere
953 2066 1087 2150 raptim:

256 2177 391 2242 aestifer
405 2180 489 2264 ignis
504 2181 553 2243 uti
566 2179 677 2243 lumen
689 2181 768 2245 iaeit
781 2190 883 2264 atque
900 2201 1073 2265 vaporem,

255 2300 294 2357 ut
307 2292 423 2357 videas
439 2317 507 2358 non
523 2316 540 2357 6
556 2295 686 2380 stipatis
700 2296 853 2381 partibus
868 2315 957 2358 esse.

183 2423 232 2468 666
255 2406 348 2492 quod
363 2409 390 2471 si
405 2407 492 2472 forte
507 2409 571 2474 elia
586 2408 728 2473 eredunt
742 2411 873 2474 ratione
889 2417 1027 2494 potesse

254 2521 339 2606 ignis
354 2523 387 2584 in
402 2529 500 2585 coetu
516 2522 638 2605 stingui
653 2531 848 2607 mutareque
864 2544 1003 2606 corpus,

257 2634 400 2709 seilicet,
412 2655 454 2696 ex
469 2635 559 2697 66116
572 2634 683 2699 faeere
697 2635 733 2699 id
748 2637 777 2698 61
793 2643 887 2722 parte
903 2646 1099 2720 repareent‚

256 2747 389 2812 occidet
403 2745 447 2811 ad
461 2749 562 2811 nilum
572 2797 579 2824 ,
590 2751 622 2812 ni
639 2750 754 2812 mirum
765 2799 772 2824 ‚
782 2749 933 2813 funditus
949 2748 1053 2812 ardor

255 2862 361 2926 omnis
377 2871 411 2925 et
426 2883 443 2924 e
458 2863 525 2926 nilo
540 2863 621 2927 fient
637 2884 722 2947 quae
738 2885 878 2948 eumque
894 2872 1066 2926 creantur:

183 2994 231 3040 670
254 2999 329 3042 nam
345 2976 438 3061 quod
453 2997 594 3062 eumque
609 2977 678 3042 suis
693 2985 855 3042 mutatum
868 2977 989 3042 finibus
1005 2978 1087 3052 exit,

256 3093 412 3156 continuo
428 3091 494 3156 hoe
508 3115 599 3157 mors
615 3102 667 3158 est
680 3092 767 3156 illius
783 3091 876 3178 quod
889 3091 952 3157 fuit
967 3099 1059 3156 ante.

253 3205 395 3290 proinde
410 3206 527 3292 aliquit
541 3228 701 3291 superare
715 3228 853 3270 neeesse
869 3215 920 3270 est
935 3207 1097 3270 incolume
1114 3207 1204 3282 ollis,

255 3339 297 3381 ne
313 3320 372 3383 tibi
387 3341 442 3383 res
455 3319 595 3383 redeant
610 3318 654 3383 ad
668 3319 770 3381 nilum
784 3318 934 3383 funditus
950 3341 1065 3382 omnes

255 3432 298 3496 de
312 3433 447 3518 niloque
462 3443 581 3498 renata
594 3434 744 3517 vigescat
759 3433 856 3518 eopia
869 3453 996 3496 rerum.

183 3564 231 3611 676
253 3569 342 3611 6666
356 3548 456 3632 igitur
472 3548 627 3632 quoniam
643 3547 827 3612 certissima
841 3568 984 3633 corpora
1000 3547 1162 3632 quaedam

254 3669 349 3735 sunt,
361 3681 447 3746 quae
463 3668 665 3724 conservant
678 3668 830 3724 naturam
847 3683 977 3746 semper
992 3660 1148 3736 eandem,

255 3797 395 3860 quorum
411 3775 502 3838 abitu
517 3783 574 3840 aut
588 3774 681 3839 aditu
695 3783 889 3862 mutatoque
904 3776 1021 3841 ordine
1036 3783 1162 3842 mutant

253 3898 404 3954 naturam
418 3912 473 3954 res
489 3899 522 3955 et
536 3897 737 3956 convertunt
752 3913 895 3975 corpora
909 3913 999 3962 sese,

255 4209 303 4255 649
322 4203 442 4257 liaberet.
462 4207 471 4273 11
491 4177 727 4275 65116631616611
747 4211 795 4256 657
809 4220 894 4256 muse.
916 4206 925 4270 11
946 4206 994 4252 669
1014 4219 1059 4254 ver
1071 4201 1141 4254 aula.
1162 4203 1171 4269 11
1191 4199 1375 4264 6661666611

255 4291 303 4338 662
322 4287 418 4356 raptis.
443 4286 453 4353 11
476 4291 524 4338 665
543 4287 622 4370 661611
641 4291 690 4338 666
708 4295 800 4339 coetus
819 4287 829 4355 11
848 4299 1005 4352 musareque
1024 4286 1034 4352 11
1056 4289 1105 4336 668
1123 4283 1242 4338 funditur
1260 4286 1349 4337 arbor.
1366 4283 1376 4346 11

256 4374 305 4420 669
324 4387 338 4422 6
356 4376 486 4423 ammaum.
507 4368 583 4437 11676
603 4371 775 4436 6166666611
795 4375 843 4419 674
863 4369 979 4419 virescat
