3034 5198
668 503 698 574 ll
1191 511 1237 580 99

125 698 274 764 corpora
295 685 329 742 et
351 675 490 740 laedunt
511 697 631 742 sensus
652 725 659 752 ‚
682 701 826 744 actionum
850 681 983 746 seruitio
1005 682 1076 746 sive
1097 705 1237 749 sumtum

125 799 201 844 esse
216 775 392 840 dicuntur.
403 775 451 840 sio
466 775 499 838 in
514 773 600 839 libro
616 795 660 850 vt,
669 775 731 839 974
746 777 892 864 Denique
902 781 1114 844 amaracinum
1120 779 1239 866 sopitat

124 899 177 940 sus
199 887 227 940 et
247 875 329 938 timu
350 895 437 938 omne
458 875 653 959 dispertitum:
674 897 748 940 norm
769 877 925 961 susciperis
945 879 1036 942 nubea
1058 901 1129 944 uere
1150 903 1236 946 evene·

125 985 242 1038 retituet.
255 971 368 1036 Varro
383 991 495 1036 rerum
507 972 709 1036 rusticarum
721 972 806 1038 libro
820 998 841 1049 1,
850 973 879 1049 2,
892 975 928 1038 19
943 975 1007 1038 eiam
1018 979 1098 1040 urim
1108 979 1237 1048 solioum

125 1096 188 1136 esse
202 1071 339 1158 fructetis
360 1093 506 1134 auianum
525 1115 532 1130 .
556 1069 635 1149 45,2
649 1095 794 1136 autunum
808 1073 887 1136 euim
899 1074 1001 1158 pelam
1020 1075 1174 1140 radicatas
1195 1088 1236 1142 te·

125 1169 288 1252 tuellissub
307 1177 410 1246 terra,
425 1179 452 1232 et
469 1191 568 1252 supro
587 1169 724 1254 oirpultis
745 1219 753 1231 .
774 1168 851 1250 51,1
873 1171 976 1256 itaquae
996 1195 1125 1236 amurca
1144 1175 1239 1240 soler

122 1266 309 1354 perstandum
327 1291 337 1328 .·
357 1289 394 1330 ea
414 1265 494 1330 euim
514 1265 678 1330 iubarum
695 1277 723 1328 et
734 1266 945 1354 formicarum
964 1280 992 1330 et
1013 1270 1168 1355 talparum
1187 1297 1234 1342 oo,

125 1387 254 1430 uenum.

210 1461 281 1526 465.
296 1482 444 1524 suumn
460 1481 659 1525 ursinus
675 1483 823 1526 nnnnr.
839 1465 908 1527 Aut
920 1463 1022 1548 periit
1035 1464 1091 1530 hic
1102 1457 1238 1543 versus,

127 1559 221 1624 velut
235 1559 264 1624 si
277 1558 368 1622 huno
381 1558 544 1642 fingemus
560 1580 602 1623 ex
617 1558 703 1624 libro
718 1581 749 1634 v,
758 1558 820 1624 487
837 1608 844 1636 ,
866 1559 943 1626 Esse
956 1609 966 1640 ‚
986 1563 1069 1648 quod
1081 1585 1238 1648 expressus

126 1659 224 1722 terrm
237 1680 363 1742 empore
373 1657 538 1742 primumn
553 1684 563 1719 :
584 1665 659 1734 aut,
672 1656 765 1742 quod
776 1657 890 1722 verius
904 1667 1006 1746 puto,
1021 1659 1237 1728 scribendum

127 1763 182 1820 est
194 1755 333 1820 mirabile
347 1777 481 1818 unere
492 1777 544 1820 1s.
557 1777 654 1840 quem
667 1754 848 1820 admodum
859 1753 916 1820 hio
927 1758 1026 1833 debet,
1038 1759 1086 1822 ita
1100 1759 1134 1822 in
1149 1782 1170 1834 1,
1176 1759 1238 1825 758

126 1853 217 1917 babes
230 1851 392 1937 seriptum
408 1862 460 1917 est
474 1873 538 1938 pro
553 1853 674 1920 latebo
693 1901 700 1916 .
722 1853 829 1918 minus
844 1855 930 1920 bene
945 1855 1109 1924 Marullus
1124 1868 1168 1922 est
1179 1860 1237 1922 mi·

126 1953 207 2016 nime
220 1951 360 2014 mirabile
373 1949 559 2016 hubaudum.

210 2047 888 2122 466.Nun0n0nrnnv1nusrsae,n
909 2071 1082 2114 nnvrnus
1104 2074 1238 2128 Arous

128 2144 496 2220 nuruuo1sEsr‚n
518 2165 836 2219 nnvrnnsuroun
852 2165 1034 2210 nuruum
1049 2165 1238 2214 Annum

127 2266 204 2310 nou
214 2266 307 2308 onis
321 2241 427 2305 Conr
437 2263 514 2304 ont
527 2289 534 2304 .
547 2238 634 2304 Olim
650 2241 805 2326 impressi
819 2247 853 2304 et
867 2239 1032 2306 Marullus
1048 2243 1238 2334 undejluoi-

126 2344 201 2405 dum
217 2351 259 2404 eet
272 2338 476 2422 sumpserint
490 2339 609 2423 ignoro
622 2385 629 2401 .
640 2336 750 2402 Ennio
767 2335 901 2421 quidem
916 2359 1113 2404 eoncessum
1127 2341 1191 2406 fuit
1201 2353 1240 2410 ut

126 2438 258 2502 diceret
279 2437 365 2501 Dum
383 2435 504 2522 quidem
525 2457 603 2498 tortia
624 2433 712 2498 bomo
732 2436 915 2520 ‚nilomauu’
935 2447 1003 2521 topa
1017 2485 1025 2513 ‚
1039 2459 1131 2524 nuper
1152 2443 1238 2506 escit.

126 2537 186 2600 ubi
202 2532 454 2599 Lindemannus
476 2531 521 2596 ed
535 2531 672 2598 Festum
694 2553 727 2617 p.
742 2531 802 2596 673
820 2526 874 2596 ‘ln
893 2535 1014 2619 quidem
1033 2535 1150 2604 ultima
1170 2560 1239 2604 non

128 2632 272 2698 eliditur’
286 2631 412 2717 inquit,
425 2625 478 2695 ‘ut
500 2651 603 2716 saepe
625 2629 718 2714 apud
732 2629 876 2696 Ennium
886 2631 908 2694 .'
923 2631 971 2694 ita
986 2631 1108 2698 divites
1122 2635 1239 2702 locun·

128 2743 187 2795 tur
196 2779 206 2810 ‚
220 2731 276 2816 qui
291 2730 470 2796 thesauros
485 2751 567 2794 suos
581 2730 702 2794 nolunt
716 2728 911 2794 recludere.
925 2728 1007 2796 mihi
1023 2752 1109 2796 uuus
1124 2755 1166 2798 ox
1182 2719 1239 2800 eo·
1346 2781 1351 2796 .

129 2829 206 2896 dem
226 2849 349 2914 genere
363 2849 482 2893 versus
496 2827 597 2892 Ennii
619 2827 790 2901 innotuit,
812 2826 962 2912 [utputa
974 2828 1048 2913 sere
1069 2842 1131 2894 tum
1150 2835 1239 2900 utilia
1351 2869 1354 2876 ·

127 2927 257 2992 militium
272 2937 353 2992 octo:
365 2925 468 2989 ceteri
483 2931 605 3008 poetae
621 2923 704 2988 nihil
720 2924 790 2986 eius
806 2923 898 2988 modi
912 2923 1139 3002 admiserunt,
1156 2929 1238 3012 quid

129 3023 225 3110 quod
244 3044 288 3118 ne
309 3045 352 3087 ex
366 3022 474 3086 altero
490 3020 625 3104 quidem
640 3020 753 3084 hiatus
768 3039 891 3104 genere
905 3019 992 3084 ullus
1007 3020 1108 3085 Ennii
1120 3045 1240 3090 versus

129 3129 226 3188 extat
242 3145 251 3197 ς
274 3120 328 3184 oui
348 3118 502 3203 plerique
515 3116 679 3199 Lucilium
699 3116 732 3179 in
747 3116 863 3198 primis
878 3115 1050 3180 studuisse
1065 3139 1133 3182 non
1147 3129 1241 3186 reete
1260 3189 1263 3197 ,

128 3221 335 3306 opinantur:
362 3235 436 3280 nam
458 3213 559 3278 huius
579 3213 601 3277 ii
618 3234 738 3276 versus
759 3232 846 3296 quos
867 3212 971 3278 habet
984 3213 1178 3302 Porphyrio
1197 3217 1241 3283 ad
1316 3297 1321 3306 .

128 3317 264 3384 Horatii
280 3333 470 3379 sermonum
485 3336 506 3388 1,
516 3314 545 3388 3,
557 3312 615 3376 124
630 3311 779 3398 intellegi
793 3333 862 3378 non
881 3320 1048 3395 possunt,
1070 3314 1135 3379 nisi
1153 3315 1241 3380 inter

129 3420 222 3482 etium
236 3414 311 3478 boec
324 3403 513 3476 iniuleimus
529 3413 582 3498 qui
602 3431 790 3496 pronomen
807 3432 815 3487 3
833 3411 981 3476 nondun
996 3412 1086 3476 etium
1100 3415 1154 3500 qui
1166 3413 1242 3482 liaeo

129 3516 234 3580 omnin
254 3511 372 3576 mictu
390 3559 398 3584 ,
418 3509 581 3575 Formosus
603 3510 683 3572 dines
703 3509 779 3573 liber
798 3531 855 3574 reu
875 3509 949 3573 solu'
961 3521 1082 3574 uocetur
1097 3509 1113 3574 i
1131 3533 1241 3596 neque

130 3608 223 3695 apud
238 3607 383 3674 Nonium
395 3606 556 3692 p.161,17
569 3605 670 3671 scribi
682 3604 952 3693 debetIusumdm
964 3607 1168 3687 tuomum,
1180 3609 1242 3674 sed

132 3707 289 3794 iussurum
302 3715 459 3790 egestatem
473 3715 648 3790 turpemque
663 3705 758 3768 odisse
767 3705 936 3789 popinam,
950 3705 1009 3768 ubi
1022 3705 1100 3770 libri
1114 3705 1242 3772 habent

131 3805 288 3892 Iusuuiom
301 3803 474 3884 boueetam5
490 3823 599 3887 neque
617 3801 742 3866 ibidem
757 3823 789 3884 p.
803 3801 873 3876 398,
883 3801 923 3864 33
939 3800 1080 3866 Semicuu
1093 3803 1137 3866 ibi
1151 3851 1161 3882 ,
1181 3803 1243 3869 sed

131 3902 201 3966 hoo
214 3901 336 3976 modo,
351 3900 444 3964 Hono
463 3900 515 3964 uli
534 3900 597 3963 ottlt
612 3900 692 3962 male
706 3898 817 3962 babere
826 3945 836 3976 ‚
850 3898 956 3964 aletes·
963 3919 1025 3982 pro
1038 3899 1148 3964 scabre
1162 3903 1242 3982 eius,

137 3999 255 4064 Testem
275 3999 366 4062 uomit
385 3998 473 4062 doum
494 3997 634 4062 Samium
656 3995 737 4074 siti,
755 3989 926 4080 ‘onuphrii’
948 3995 1046 4080 iuquit
1057 4044 1067 4075 ‚
1090 3997 1246 4066 Ρναεσίάὸί

132 4096 252 4160 cuidem
268 4143 277 4173 ,
300 4096 437 4182 tenorque
450 4119 514 4158 uua
527 4103 665 4180 amputat
678 4092 766 4156 ambo
781 4140 789 4170 ,
811 4113 886 4155 oum
900 4093 934 4156 in
948 4091 1041 4158 libris
1057 4095 1102 4158 sit
1113 4097 1244 4160 samiam

131 4193 176 4256 ibi
198 4193 357 4256 munotelo
378 4193 478 4278 iuquit
491 4241 497 4255 .
512 4191 579 4255 hoe
602 4197 715 4254 tamen
737 4189 844 4256 altero
866 4211 989 4276 genere
1012 4189 1180 4258 Tibullum
1204 4215 1244 4257 ae

131 4288 350 4371 Propertium
364 4309 445 4352 usos
461 4310 535 4353 esse
550 4309 619 4351 non
633 4307 720 4372 nego
736 4311 743 4349 :
764 4309 874 4373 neque
894 4287 930 4352 id
945 4309 965 4350 a
979 4287 1135 4354 Martiale
1150 4291 1243 4354 abiu·

132 4383 314 4450 dicandum
332 4394 403 4461 est,
419 4387 477 4470 qui
491 4387 627 4470 scripsit
641 4387 675 4450 in
687 4409 735 4461 111,
745 4387 764 4450 3
776 4388 840 4449 Aut
854 4385 1083 4473 apulsa-ciem,
1099 4399 1152 4452 out
1164 4388 1245 4448 tuni-

132 4493 204 4548 cata
225 4483 296 4545 luna
315 4506 326 4542 .·
355 4481 417 4545 sed
443 4483 535 4566 apud
560 4481 726 4546 Catullum
747 4482 826 4558 97,2
849 4481 925 4548 Itali
951 4491 1043 4548 rente
1066 4508 1104 4548 oe
1127 4481 1245 4548 addito

1007 4582 1046 4640 7.
