2990 5202
605 431 676 538 ‘111
1127 469 1203 536 '157

90 653 213 732 reporta
229 645 336 732 nugas
351 652 455 732 agunt
469 644 551 710 Pius
567 653 601 708 et
617 641 848 708 Wakefieldus
868 693 874 706 .
893 643 1058 709 Marullus
1081 645 1207 731 alvoque

89 746 219 830 repostis
241 743 414 807 Discidium
435 753 469 806 al
486 753 616 830 aeqaeot
626 743 704 832 fieri
727 790 733 803 .
757 739 818 804 sed
836 742 1009 826 aptissime
1022 742 1206 808 Lambinus

92 845 242 930 priorem
258 863 391 906 versum
408 863 482 905 oum
498 841 729 926 superioribus
744 840 934 927 coniungit,
949 847 988 906 ut
1001 848 1117 905 mutua
1132 862 1206 906 cor-

10 979 11 984 *
91 941 186 1028 poris
209 947 314 1025 atque
336 941 465 1004 animae
487 940 645 1026 contagia
660 939 780 1004 vitales
794 947 906 1004 motus
921 942 1035 1005 discere
1049 939 1206 1005 dicantur

92 1041 246 1105 dioececis
260 1040 350 1103 eliam
363 1040 505 1102 membris
519 1041 645 1126 oleopcce
659 1059 704 1102 ar
713 1059 839 1102 roera
860 1085 867 1100 .
889 1038 938 1102 ita
951 1059 1034 1104 vero
1048 1059 1205 1103 neceesa-

91 1141 142 1204 rio
157 1136 376 1204 scribendum
392 1144 445 1202 est
459 1137 635 1202 Discidium
648 1159 697 1200 ur
716 1148 845 1222 imporat
855 1135 933 1225 fieri
949 1185 956 1199 .
974 1144 1009 1200 et
1022 1157 1137 1200 verum
1153 1144 1207 1202 est

90 1239 122 1301 in
139 1237 292 1322 oblongo
306 1259 337 1298 m
352 1235 498 1299 litteram
512 1235 548 1298 in
562 1233 663 1298 litura
685 1254 779 1297 esse:
801 1231 866 1298 fuit
888 1241 1019 1308 autem,
1043 1241 1205 1319 quantum

91 1334 263 1399 contentis
278 1333 385 1397 oculis
398 1333 515 1398 videre
529 1333 642 1418 potui,
654 1331 847 1396 Discidium.

173 1432 246 1497 357.
262 1431 393 1495 Pauor
415 1453 515 1495 narn
537 1453 646 1508 ouon
664 1451 747 1494 nou
769 1451 978 1494 raucarum
1000 1451 1092 1494 surr
1114 1451 1205 1494 arne

92 1553 131 1596 ra
154 1529 523 1605 aevo,Maaraoue
546 1549 788 1593 enarrasse
811 1550 961 1592 rarorr
981 1550 1033 1592 uu
1054 1551 1204 1592 aaran·

91 1651 219 1694 nrrua
234 1649 340 1691 aevo
356 1649 465 1704 ouen
482 1677 489 1691 .
507 1625 689 1692 Correotor
706 1625 841 1714 oblongi
857 1625 1012 1690 Psanrr
1028 1628 1204 1692 enim.tum

91 1730 156 1792 eicco
171 1729 205 1791 ia
228 1749 300 1792 oeao
315 1733 459 1811 uterque
474 1724 585 1792 codex
598 1726 672 1790 sine
686 1724 755 1788 ullo
771 1724 899 1788 alienae
913 1747 1032 1790 manus
1046 1726 1188 1813 vestigio
1197 1751 1214 1791 :-

91 1826 152 1890 aed
169 1825 360 1912 quadratus
376 1825 405 1889 ei
412 1874 421 1904 ,
433 1824 527 1910 quod
543 1822 624 1910 quid
641 1831 733 1888 esset
743 1822 999 1908 Havercampus
1010 1873 1018 1901 ,
1029 1823 1130 1888 homo
1144 1824 1204 1888 im-

91 1925 242 2010 peritus,
258 1937 326 1988 no'n
342 1922 510 1989 didicerat
533 1970 540 1984 .
563 1945 679 2010 quom,
696 1920 789 2006 quod
802 1921 837 1986 in
852 1921 916 1986 fine
930 1943 1050 1987 versus
1064 1923 1204 2010 legitur,

92 2045 132 2087 ex
154 2023 309 2110 margine
331 2021 454 2086 dextro
476 2019 605 2086 codicis
624 2020 805 2106 archetypi
823 2019 903 2084 illuc
916 2022 1028 2084 venit:
1045 2029 1097 2086 est
1118 2023 1204 2088 euim

93 2121 147 2186 hic
162 2141 283 2186 versus
297 2118 420 2184 tertius
434 2120 578 2206 paginae
587 2117 691 2182 huius
702 2117 779 2183 libri
790 2118 927 2204 quintae
939 2116 1105 2194 decimae,
1117 2141 1205 2205 quae

90 2219 155 2284 fuit
169 2221 205 2284 in
223 2225 320 2305 parte
335 2218 472 2281 sinistra
486 2216 635 2282 schedae
650 2265 657 2279 .
673 2215 821 2282 debebat
837 2224 947 2280 autam
962 2218 1063 2281 scribi
1078 2239 1204 2294 ouon,

90 2317 188 2404 quod
202 2324 277 2380 erat
286 2316 320 2378 in
331 2315 407 2400 ipso
419 2335 519 2378 versu
532 2312 720 2377 mutilatum
731 2337 782 2377 am
792 2363 798 2376 .
810 2313 877 2378 hoc
885 2313 962 2377 Itali
971 2314 1037 2378 iam
1046 2314 1206 2382 viderunt

90 2424 126 2482 et
137 2413 326 2478 Brixionsis
334 2411 450 2476 editor
457 2461 467 2492 ‚
480 2412 536 2497 qui
549 2410 718 2476 dederunt
730 2433 798 2475 aem
809 2461 817 2474 .
829 2411 935 2475 sedin
946 2421 1092 2499 utroque
1102 2436 1206 2480 versu

89 2509 351 2597 interpretando
366 2531 454 2574 unua
470 2508 652 2574 Creeohius
667 2507 794 2594 aliquid
809 2508 853 2573 ad
868 2530 938 2572 rem
953 2509 1034 2574 fecit
1048 2511 1205 2578 adieran-

91 2612 145 2677 dis
160 2609 299 2696 Epicuri
314 2608 428 2673 verbis
443 2655 451 2682 ‚
472 2627 558 2693 quae
574 2615 654 2671 sunt
668 2604 760 2691 apud
775 2606 958 2692 Diogenem
971 2607 1006 2672 in
1021 2608 1108 2674 libro
1122 2634 1154 2687 x,
1164 2611 1206 2675 64

91 2711 138 2774 ita
153 2715 322 2792 concepta
332 2755 339 2770 .
351 2703 398 2769 arb
414 2706 640 2780 incalerelcac
656 2708 714 2769 τῆς
730 2707 831 2792 pipin
846 2703 897 2785 (τό
913 2705 1021 2770 losada
1036 2707 1202 2794 ἄθροισμα)

92 2807 148 2882 oie<
164 2807 228 2893 ἔχει
243 2803 303 2870 risa
317 2803 470 2869 alcdacm·
487 2804 524 2878 oi
547 2802 602 2888 rip
623 2801 698 2878 airb
721 2803 758 2868 ia
780 2802 886 2890 ὲαγτῷ
908 2804 1026 2878 rairaa
1049 2805 1203 2872 ἐκέκτητο

92 2903 149 2968 rela
171 2905 305 2977 elacata
322 2953 329 2978 ‚
349 2903 413 2967 ἄλλ’
433 2903 539 2987 ἑτέρῳ
554 2901 618 2963 aaa
634 2901 897 2985 εγΓΓεΓεκΗΜὲκῳ
914 2899 999 2988 αῩτῴ
1014 2907 1205 2988 repressio·
1317 2959 1320 2968 .

93 3024 147 3066 zea
169 3051 176 3064 .
199 3000 262 3066 sed
283 3001 432 3065 debebat
447 3019 562 3062 eorum
576 2997 766 3061 meminisse
781 3017 868 3080 quae
883 3003 987 3083 poeta
1000 3020 1104 3082 supra
1119 2999 1206 3066 dixit

92 3099 154 3164 213
171 3147 180 3175 ,
203 3099 263 3163 Nil
281 3099 324 3160 iai
338 3097 462 3160 libatam
477 3097 516 3160 de
529 3107 587 3160 tow
601 3117 728 3179 corpore
741 3117 849 3158 cernae
863 3095 916 3158 Ad
927 3097 1058 3180 speciem
1076 3141 1084 3169 ,
1104 3099 1152 3162 ail
1163 3102 1207 3164 od

87 3199 211 3282 pmcdccs
226 3221 236 3257 :
253 3215 336 3256 inore
357 3194 626 3279 amalafredam,
649 3193 776 3256 Vectem
783 3203 912 3277 practer
922 3215 1043 3256 emerem
1057 3193 1206 3260 calidam·
1237 3215 1240 3222 ·

93 3319 151 3382 que
172 3313 316 3379 vaporem
328 3316 338 3353 .·
359 3290 409 3355 ita
430 3292 517 3356 enim
537 3289 760 3354 intellexisset
774 3288 857 3353 illud
873 3289 1207 3378 Multoqaepraetereo

93 3413 162 3455 non
175 3387 354 3455 delendum
367 3409 442 3453 esse
450 3437 459 3469 ,
472 3387 535 3454 sed
544 3409 653 3473 parva
665 3408 770 3473 opera
781 3387 830 3452 sio
840 3387 1088 3474 retingendum,
1099 3391 1182 3456 Nur,
1192 3430 1206 3443 -

95 3511 226 3566 nabun
238 3497 400 3573 praetereo
408 3487 515 3572 perdit
529 3535 538 3566 ,
561 3507 651 3573 quom
667 3487 827 3572 adpellitur
840 3509 935 3551 aevo.
957 3487 1058 3552 Nulla
1073 3535 1082 3568 ‚
1103 3488 1207 3554 idest

95 3587 203 3655 nullas
218 3607 291 3662 res3
305 3592 344 3649 ut
357 3585 392 3648 iu
407 3609 428 3662 r,
437 3585 498 3649 242
513 3586 566 3648 abi
578 3586 665 3649 calla
671 3584 780 3672 foreat
793 3595 914 3649 oetaeo
929 3607 1072 3670 corpore.

176 3684 247 3750 361.
259 3685 727 3762 Dirrrcrnnar‚ooaraa
739 3705 816 3746 corr
832 3705 980 3747 anneus
994 3705 1121 3747 nucar
1135 3705 1205 3748 ro·

97 3803 192 3847 aaa.
215 3782 411 3863 Quadratus
438 3781 572 3871 Difficile
593 3793 656 3846 est.
678 3779 862 3846 Lambinus
883 3781 1008 3865 optime
1030 3781 1206 3844 Desier-

98 3900 212 3958 arsr‚
230 3892 336 3948 contro
350 3901 420 3944 cam
434 3901 455 3942 n
464 3899 572 3954 rcar3
589 3878 642 3942 oui
657 3876 889 3942 Wakefieldus
904 3881 939 3942 et
952 3876 1116 3965 Forbiger
1131 3895 1205 3942 cum

99 3975 216 4042 contrat
230 3976 366 4052 dicunt,
382 3975 571 4060 desipiunt.

178 4075 249 4141 362.
272 4075 434 4140 Sensus
455 4096 560 4137 auru
580 4095 734 4137 raaurr
755 4093 889 4150 arona
910 4095 1031 4138 acras
1052 4097 1207 4141 aaran·

98 4190 164 4234 nrr
178 4195 229 4236 en
245 4195 366 4237 reses
381 4223 388 4236 .
408 4171 505 4236 Haec
519 4171 548 4237 si
563 4170 784 4246 omittantur,
806 4171 990 4255 planiorem
1006 4176 1207 4240 sententiam

101 4264 171 4334 iore
185 4271 367 4336 Lambinus
381 4278 474 4336 reete
490 4269 573 4336 dicit
587 4294 594 4333 :
617 4269 706 4334 idem
722 4289 790 4354 quo
804 4268 877 4334 iure
892 4271 939 4334 eis
954 4291 1024 4335 rem
1037 4271 1158 4337 falsam
1172 4279 1207 4335 et

99 4381 118 4423 a
139 4364 283 4434 decretis
302 4366 440 4452 Epicuri
464 4367 703 4444 abhorrentem
723 4367 833 4432 inesse
855 4367 983 4434 iudicet
1002 4368 1115 4434 dicere
1137 4385 1205 4430 non

99 4463 1206 4550 possum,quianequeipsumversumnequeTurnebiautWahe-
1313 4512 1318 4520 .
