2946 5188
265 439 311 506 46
755 463 758 474 ’
810 437 842 506 11

261 613 402 698 ipsaque
417 609 553 674 deducit
566 607 636 674 dux
651 610 739 675 vitae
754 609 810 674 dia
825 612 982 696 voluptas

265 735 299 791 et
312 747 366 790 res
382 746 443 812 per
457 724 599 819 Veneris
613 722 784 789 blanditur
798 726 908 790 saeola
923 732 1127 813 propagent,

174 886 199 930 .·
264 863 307 905 ne
321 861 426 926 genus
441 837 574 904 occidat
586 838 783 904 humanum.
795 861 936 926 quorum
951 840 1062 904 omnia
1076 860 1177 904 eausa

196 973 244 1019 175
267 954 478 1019 constituisse
493 952 575 1018 deos
590 973 665 1016 eum
678 953 824 1039 fingunt,
838 954 981 1018 omnibu'
994 956 1095 1019 rebus

264 1090 385 1155 magno
401 1089 503 1154 opere
518 1089 538 1131 5
551 1089 632 1132 vera
645 1067 730 1152 lapsi
744 1068 873 1132 ratione
887 1068 1057 1134 videntur.

264 1206 341 1248 nam
357 1183 507 1268 quamvis
522 1203 632 1246 rerum
645 1185 794 1269 ignorem
810 1181 992 1268 primordia
1007 1204 1093 1269 quae
1106 1184 1186 1258 sint,

167 1299 173 1308 ’
263 1298 330 1363 1100
345 1305 455 1362 tamen
471 1318 514 1361 ex
527 1298 608 1382 ipsis
623 1296 706 1361 caeli
720 1296 903 1361 rationibus
915 1296 1023 1362 ausim

266 1412 461 1476 confirmare
476 1411 615 1496 aliisque
631 1432 673 1474 ex
687 1411 788 1474 rebus
803 1411 947 1476 reddere
961 1411 1087 1486 multis,

196 1543 242 1590 180
264 1547 476 1610 nequaquam
490 1525 587 1589 nobis
603 1522 759 1588 divinitus
775 1545 848 1588 esse
864 1533 1008 1590 creatam

158 1649 164 1662 “
265 1647 417 1705 naturam
432 1639 562 1702 mundi:
575 1647 671 1702 tanta
684 1645 752 1702 stat
766 1638 920 1724 praedita
935 1641 1048 1726 eulpa.

266 1774 351 1839 quae
366 1753 425 1817 tibi
440 1754 625 1840 posterius,
637 1752 786 1829 Memmi,
796 1753 954 1818 faciemus
969 1763 1101 1840 aperta:

265 1867 404 1932 nuncid
418 1866 511 1953 quod
525 1887 627 1953 super
642 1873 694 1931 est
708 1866 751 1932 de
766 1869 910 1934 motibus
926 1868 1176 1955 expediemus]

305 1981 404 2046 Nune
417 1981 512 2046 loeus
527 1987 594 2056 est,
605 1988 644 2044 ut
658 1981 777 2066 opinor
786 2031 794 2058 ‚
804 1983 839 2048 in
852 1982 905 2046 his
918 1981 1001 2046 illud
1016 2005 1151 2070 quoque
1164 1983 1266 2048 rebus

197 2113 243 2158 185
265 2097 460 2161 confirmare
477 2095 535 2159 tibi
545 2144 553 2170 ‚
563 2096 687 2160 nullam
701 2117 771 2159 rem
786 2119 888 2182 posse
903 2118 964 2161 sua
978 2098 1011 2160 vi
1109 2109 1112 2118 ⁴

263 2231 459 2297 corpoream
473 2231 604 2274 sursum
617 2209 698 2274 ferri
713 2231 911 2296 sursumque
926 2231 1049 2288 meare;

231 2323 234 2330 ’
263 2347 307 2389 05
321 2325 379 2390 tibi
397 2324 478 2388 dent
491 2325 525 2388 in
541 2345 580 2388 eo
596 2324 798 2390 flammarum
813 2347 959 2411 corpora
972 2324 1137 2390 fraudem.

263 2461 378 2503 sursus
394 2440 479 2504 enim
493 2460 612 2502 versus
627 2441 807 2524 gignuntur
823 2448 858 2503 et
872 2441 1025 2525 augmina
1039 2448 1173 2504 sumunt

264 2562 298 2617 55
312 2574 442 2616 5015010
458 2550 583 2616 nitidae
597 2552 710 2637 fruges
726 2552 931 2638 arbustaque
946 2562 1115 2630 creseunt,

193 2683 241 2730 100
263 2664 430 2754 pondera,
444 2673 604 2750 quantum
617 2666 651 2729 in
666 2686 703 2728 se
718 2675 785 2742 est,
797 2688 872 2729 oum
887 2665 1046 2732 deorsum
1061 2677 1182 2734 000055
1196 2669 1371 2736 ferantur.

180 2861 184 2870 ι
263 2801 327 2844 neo
342 2801 415 2842 oum
429 2771 606 2843 subsiliunt
619 2780 712 2865 ignes
728 2779 773 2844 ad
787 2789 878 2845 tecta
892 2779 1066 2846 domorum

265 2902 300 2960 55
314 2893 413 2980 celeri
428 2893 557 2958 flemma
572 2892 751 2981 degustant
764 2895 856 2981 tigne
869 2895 1068 2982 trabesque,

264 3017 386 3096 sponte
400 3031 461 3074 sua
474 3007 586 3073 faeere
599 3007 635 3072 id
649 3009 721 3074 sine
735 3011 767 3074 vi
783 3010 956 3096 subigente
971 3009 1155 3096 putendum
1170 3020 1236 3076 est.

266 3122 358 3209 quod
373 3145 477 3210 genus
493 3133 561 3200 est,
573 3132 692 3188 nostro
708 3145 783 3188 eom
797 3126 916 3189 missus
932 3145 1075 3211 corpore
1090 3125 1225 3212 sanguis

193 3253 239 3301 195
263 3239 381 3302 emieat
397 3239 548 3302 exultans
564 3238 629 3302 alte
645 3240 840 3323 spargitque
857 3259 1022 3302 eruorem.

263 3373 375 3415 nonne
391 3351 486 3416 vides
502 3352 599 3414 etiam
615 3361 742 3435 quanta
755 3352 789 3415 vi
805 3352 896 3436 tigna
910 3352 1089 3437 trabesque

264 3474 402 3550 respuat
416 3486 511 3529 umor
526 3465 659 3549 aquae?
671 3485 746 3528 nam
762 3485 829 3549 quo
844 3465 948 3550 magis
964 3466 1104 3529 ursimus
1119 3466 1184 3529 alte

264 3577 395 3642 deiecta
410 3587 444 3642 55
458 3599 578 3664 magne
592 3579 625 3642 vi
642 3578 734 3642 multi
748 3579 929 3664 pressimus
944 3600 1057 3664 aegre,

264 3701 331 3756 tem
346 3692 467 3779 cupide
483 3714 614 3756 sursum
629 3693 770 3757 removit
784 3694 887 3778 magis
903 3701 1004 3778 atque
1018 3693 1171 3768 remittit,

191 3825 240 3872 200
262 3807 336 3895 plus
351 3815 389 3871 05
403 3815 500 3893 parte
513 3806 604 3873 fores
620 3813 790 3891 emergent
805 3807 1023 3892 exiliantque.

263 3943 325 3985 055
340 3929 449 3985 temen
465 3921 565 3997 11555,
578 3929 737 4007 quantum
753 3921 852 4016 estin
866 3943 920 3996 se,
932 3920 1138 3994 dubitemne,
1150 3921 1289 4006 opinor,

264 4035 345 4120 quin
359 4056 499 4099 vacuum
514 4037 688 4121 perinane
703 4033 859 4100 deorsum
875 4043 996 4099 cuneta
1009 4033 1176 4098 ferantur.

268 4321 312 4368 181
333 4332 488 4385 quamquem
507 4314 612 4386 predita
634 4315 644 4382 ΙΙ
671 4320 717 4366 181
736 4331 840 4384 quoqne
859 4312 922 4365 illud
947 4314 957 4384 Η
983 4320 1029 4366 192
1048 4315 1125 4384 signa
1148 4315 1158 4382 ΙΙ
1181 4319 1226 4366 193
1246 4315 1372 4370 subiecta
1391 4321 1401 4386 ΙΙ

268 4405 314 4451 191
334 4415 349 4449 5
367 4399 378 4466 ΙΙ
399 4404 445 4450 197
465 4398 532 4452 altu.
550 4398 559 4467 11
582 4403 629 4450 198
647 4397 762 4451 Derecto
781 4396 790 4467 11
810 4401 859 4448 199
877 4405 998 4450 removet
1015 4398 1025 4464 ΙΙ
1045 4403 1094 4450 200
1113 4395 1286 4466 exillentque.
