2946 5188
255 471 276 538 e
597 555 605 564 ,
814 469 830 538 1

254 643 369 730 religio
386 644 516 730 peperit
530 645 700 710 scelerosa
713 651 816 731 atque
830 645 930 731 impia
944 644 1048 710 facta.

255 757 375 822 Aulide
391 780 459 844 quo
474 767 575 844 pacto
591 758 717 823 Triviai
730 760 869 846 virginis
884 781 975 824 aram

194 891 225 936 ec
255 873 465 959 Iphianassai
479 881 658 959 turparunt
673 875 833 961 sanguine
847 873 948 939 foede

257 987 416 1052 ductores
432 989 584 1052 Danaum
600 987 737 1064 delecti,
749 990 856 1075 prima
869 990 1015 1052 virorum
1028 1037 1034 1050 .

257 1103 310 1166 cni
325 1103 421 1167 simul
435 1103 539 1168 infula
554 1103 722 1190 virgineos
738 1104 861 1168 circum
876 1103 957 1167 data
972 1111 1127 1190 comptus

257 1239 299 1281 ex
313 1225 458 1304 unaque
472 1219 545 1304 pari
560 1218 718 1283 malarum
733 1225 830 1304 parte
845 1217 1032 1304 profusam,

257 1341 293 1396 et
306 1341 447 1400 mestum
462 1333 558 1398 simul
573 1342 650 1398 ante
664 1355 741 1398 aras
756 1331 893 1397 adstare
908 1339 1080 1420 parentem

196 1464 229 1510 ao
259 1450 382 1523 sensit,
394 1455 428 1512 et
441 1447 531 1510 hunc
546 1456 687 1534 propter
701 1447 825 1512 sermm
840 1447 949 1511 celere
963 1447 1147 1518 ministros,

259 1571 466 1648 aspectuque
480 1584 541 1626 suo
555 1561 707 1625 lacrimas
722 1559 891 1625 effundere
907 1561 1004 1634 civis,

259 1683 350 1740 muta
364 1681 454 1738 metu
470 1687 592 1740 terram
607 1674 748 1762 genibus
763 1675 937 1740 summissa
951 1675 1103 1761 petebat:

259 1811 323 1854 nec
338 1789 477 1854 miserae
491 1789 656 1878 prodesse
670 1790 705 1853 in
719 1789 778 1854 tali
792 1789 943 1876 tempore
959 1788 1077 1874 quibat

260 1903 353 1990 quod
367 1903 478 1991 patrio
493 1905 650 1990 princeps
666 1903 809 1968 donarat
823 1904 956 1967 nomine
971 1923 1097 1989 regem:

198 2036 230 2081 se
259 2039 336 2082 nam
352 2017 485 2083 sublata
498 2019 604 2083 virum
620 2020 772 2084 manibus
788 2017 1065 2103 tremibundaque
1080 2016 1124 2081 ad
1139 2037 1215 2081 aras

261 2131 457 2203 deductast.
468 2154 536 2197 non
550 2141 589 2199 ut
602 2133 752 2200 sollemni
766 2154 857 2197 more
873 2155 1042 2197 sacrorum

262 2247 411 2334 perfecto
424 2255 544 2333 posset
558 2249 650 2313 claro
666 2248 815 2313 comitari
829 2247 1041 2335 Hymenaeo,

262 2362 324 2426 sed
339 2371 434 2427 casta
447 2362 751 2442 inceste,nubendi
768 2370 917 2448 tempore
932 2363 966 2426 in
981 2364 1073 2449 ipso,

262 2477 374 2541 hostia
388 2478 580 2543 concideret
594 2486 740 2543 mactatu
753 2486 880 2542 maesta
894 2478 1059 2562 parentis,

193 2608 241 2655 100
264 2591 373 2654 exitus
387 2597 426 2654 ut
441 2591 539 2655 classi
552 2591 632 2656 felix
646 2591 845 2677 faustusque
860 2590 1014 2655 daretur.

263 2711 392 2770 tantum
406 2705 521 2789 religio
536 2707 647 2790 potuit
661 2704 803 2770 suadere
817 2706 994 2770 malorum.

305 2816 462 2882 Tutemet
476 2838 495 2880 a
510 2818 607 2884 nobis
621 2819 686 2884 iam
701 2822 820 2906 quovis
838 2829 987 2907 tempore
1002 2827 1115 2884 vatum

264 2931 455 3018 terriloquis
470 2931 579 2996 victus
594 2929 693 2995 dictis
708 2933 895 3000 desciscere
911 2955 1070 3020 quaeres.

265 3049 389 3136 quippe
405 3047 525 3111 etenim
541 3066 641 3132 quam
655 3047 759 3112 multa
772 3051 831 3114 tibi
844 3051 908 3116 iam
923 3051 1049 3137 fingere
1062 3055 1209 3136 possunt

162 3197 167 3210 ·
193 3181 239 3228 105
263 3164 406 3238 somnia,
422 3183 508 3248 quae
522 3162 612 3226 vitae
626 3162 773 3227 rationes
788 3173 918 3228 vertere
934 3165 1067 3250 possint

264 3278 486 3362 fortunasque
499 3284 575 3340 tuas
591 3276 697 3339 omnis
711 3274 848 3338 turbare
864 3277 995 3340 timore!

268 3399 302 3456 et
315 3391 433 3455 merito
443 3415 451 3454 ι
462 3411 539 3454 narn
554 3390 582 3453 si
597 3396 722 3454 certam
736 3388 834 3452 finem
849 3409 923 3452 esse
936 3388 1092 3456 viderent

266 3525 496 3570 aerumnarum
510 3503 679 3580 homines,
690 3503 802 3589 aliqua
814 3502 943 3566 ratione
957 3504 1110 3570 valerent

266 3619 481 3705 religionibus
496 3626 598 3703 atque
611 3619 708 3682 minis
723 3617 888 3681 obsistere
902 3625 1030 3682 vatum:

197 3752 243 3799 110
265 3755 354 3798 nunc
368 3735 454 3798 ratio
469 3733 566 3809 nulla,
575 3741 627 3798 est
640 3729 790 3797 restandi
800 3781 807 3808 ‚
817 3732 910 3796 nulla
923 3732 1081 3802 facultas,

267 3857 421 3914 aeternas
437 3850 593 3935 quoniam
607 3868 735 3935 poenas
750 3847 784 3910 in
798 3855 907 3912 morte
921 3848 1149 3914 timendumst.

266 3965 440 4050 ignoratur
455 3965 540 4028 enim
556 3985 641 4051 quae
657 3963 700 4028 sit
715 3969 835 4027 natura
849 3962 983 4038 animai,

267 4087 348 4143 nata
362 4079 421 4155 sit,
431 4099 473 4143 an
490 4087 609 4144 contra
623 4078 840 4144 nascentibus
854 4078 1057 4154 insinuetur,

269 4201 304 4258 et
318 4195 413 4258 simul
427 4193 569 4258 intereat
582 4194 756 4258 nobiscum
770 4201 878 4258 morte
894 4191 1072 4278 dirempta,

271 4449 305 4498 sl
321 4443 410 4498 triviat
427 4441 437 4509 ll
459 4447 504 4496 102
524 4440 636 4511 quodvis
654 4439 664 4510 ll
687 4446 733 4494 104
752 4457 875 4512 possum.
895 4441 905 4506 ll
927 4445 973 4490 lll
994 4438 1151 4492 timendum.
