2946 5188
251 486 313 552 ,36
824 482 840 551 1

266 679 343 722 nam
358 656 508 742 dispulsa
522 677 583 720 suo
600 655 642 718 de
657 665 754 720 ooetu
769 657 918 722 materiai

267 773 364 858 eopia
377 771 521 836 ferretur
534 791 688 856 magnum
703 792 763 857 per
777 771 875 836 inane
890 767 1016 845 soluta,

264 889 337 951 sive
352 886 437 951 adeo
452 887 564 973 potius
578 907 755 970 numquam
772 893 931 950 concreta
946 895 1095 949 creasset

185 1018 248 1065 1020
262 1000 362 1064 ullam
376 1021 446 1064 rem
456 1049 464 1075 ‚
476 1001 630 1086 quoniam
646 1001 720 1086 cogi
735 999 875 1064 disiecta
888 1000 1076 1084 nequisset.

264 1136 339 1178 nam
355 1123 446 1179 certa
460 1115 722 1199 nequeaonsilio
738 1114 1043 1200 primordiarerum

264 1229 381 1293 ordine
396 1251 433 1294 se
448 1250 509 1292 suo
525 1249 678 1314 quaeque
694 1231 805 1315 sagaci
820 1236 930 1292 mente
945 1229 1100 1292 locarunt

244 1365 324 1408 ⁴neo
340 1365 425 1428 quos
440 1363 593 1429 quaeque
608 1341 729 1407 darent
742 1351 852 1407 motus
867 1343 1025 1428 pepigere
1039 1341 1208 1427 profecto,

262 1457 325 1522 sed
338 1459 417 1542 quia
429 1457 532 1520 multa
547 1456 655 1520 modis
670 1457 781 1521 multis
796 1464 922 1521 mutata
937 1477 997 1543 per
1012 1477 1108 1520 omne

182 1587 245 1634 0000
262 1593 303 1635 ex
316 1571 444 1635 infinito
457 1571 628 1635 vexantur
637 1571 766 1655 percita
779 1571 900 1656 plagis,
1002 1581 1005 1586 “

261 1706 358 1750 omne
373 1705 479 1769 genus
493 1693 602 1748 motus
618 1692 653 1747 et
667 1691 783 1748 coetus
799 1682 1006 1768 experiundo

260 1797 395 1864 tandem
411 1798 593 1861 deveniunt
606 1799 641 1860 in
655 1797 731 1861 talis
747 1795 985 1884 disposituras,

261 1913 413 1998 qualibus
428 1912 512 1976 haee
526 1931 635 1974 rerum
652 1912 803 1976 consistit
817 1930 943 1976 summa
957 1919 1087 1984 ereata,

261 2035 296 2091 et
309 2026 431 2090 multos
448 2027 544 2090 otiam
558 2045 698 2110 magnos
714 2033 846 2090 servata
860 2047 922 2111 per
936 2047 1042 2090 annos

179 2156 242 2203 1030
257 2147 295 2204 ut
310 2141 412 2204 semel
425 2141 458 2203 in
473 2147 584 2204 motus
599 2140 783 2204 oonieotaat
798 2139 1041 2216 convenientis,

257 2254 357 2318 efficit
371 2261 409 2318 00
422 2254 524 2340 largis
539 2253 672 2318 avidum
686 2275 776 2318 mare
791 2253 932 2318 fluminis
947 2252 1046 2317 undis

256 2369 423 2454 integrent
438 2389 551 2432 amnes
567 2377 601 2432 et
615 2369 694 2433 001ἰο
709 2377 801 2432 terra
814 2390 941 2456 vapore

256 2481 329 2544 fota
341 2489 445 2546 novet
458 2481 546 2545 fetus
562 2483 802 2565 summissaque
817 2503 898 2566 gens
913 2483 1114 2546 animantum

255 2594 375 2659 floreat
389 2603 422 2658 et
435 2595 552 2658 vivant
566 2594 716 2660 labentes
731 2595 876 2658 aetheris
890 2595 999 2679 ignes3

176 2725 239 2773 1005
256 2706 349 2794 quod
363 2707 454 2771 nullo
469 2707 620 2772 facerent
633 2717 733 2793 puoto
743 2757 751 2784 ‚
762 2709 826 2772 nisi
837 2709 985 2773 materiai

257 2844 299 2886 ex
312 2822 440 2892 infinito
458 2823 602 2886 suboriri
617 2823 713 2907 eopia
725 2831 858 2907 posset,

190 2963 198 2978 ·
253 2935 343 3000 unde
358 2937 478 3000 amissa
493 2936 603 3000 solent
616 2957 774 3023 reparare
788 2939 987 3021 intempore
1003 2957 1171 3022 quaeque.

252 3071 327 3114 nam
343 3050 460 3115 veluti
474 3051 606 3138 privata
621 3053 695 3116 oibo
710 3060 832 3118 natura
846 3052 1046 3116 animantum

252 3163 371 3229 diffluit
386 3165 541 3229 amittens
557 3187 679 3252 eorpus
690 3217 697 3243 ,
709 3168 757 3232 sio
772 3167 881 3232 omnia
897 3164 1021 3230 debent

170 3279 239 3341 1040'
251 3277 388 3343 dissolui
404 3279 499 3342 simul
515 3301 553 3344 ae
570 3278 692 3344 defecit
706 3279 924 3366 suppeditare

215 3455 221 3466 ,
249 3392 402 3454 materies
417 3391 529 3477 aliqua
542 3394 672 3457 ratione
687 3415 803 3457 aversa
819 3394 954 3477 viaque.

245 3513 310 3568 nee
323 3505 443 3591 plagae
457 3515 600 3591 possunt
615 3508 821 3570 extrinsecus
836 3504 985 3590 undique
999 3527 1156 3570 summam

248 3640 449 3684 conservare
465 3641 610 3695 omnem,
623 3642 708 3707 quae
723 3642 864 3706 eumque
880 3629 930 3686 est
945 3622 1132 3685 conciliata.

247 3733 370 3798 cudere
386 3735 471 3798 enim
486 3735 604 3799 erebro
620 3744 762 3822 possunt
776 3742 971 3820 partemque
985 3736 1124 3808 morari,

165 3863 228 3910 1045
245 3846 323 3912 dum
338 3849 472 3912 veniant
488 3850 571 3913 aliua
586 3871 625 3914 00
640 3850 788 3937 suppleri
803 3871 929 3914 summa
944 3857 1101 3934 queatur:

244 3963 332 4026 inter
347 3962 425 4028 dum
440 3965 566 4028 resilire
582 3973 691 4030 tamen
707 3973 871 4050 eoguntur
887 3973 1002 4028 etune

245 4166 446 4175 --.-..-

242 4281 307 4328 1017
326 4286 429 4330 eoetum
457 4277 467 4348 Η
497 4284 562 4331 1019
582 4285 702 4330 oreasset
728 4278 738 4345 ΙΙ
769 4281 832 4328 1020
851 4289 970 4343 quaeque
988 4275 1076 4342 sagaci
1095 4283 1184 4328 mento
1202 4275 1339 4329 locarunt.
1360 4276 1369 4345 Η

243 4364 307 4411 1028
325 4359 404 4440 rebus
438 4360 448 4429 10
480 4366 545 4413 1030
564 4375 716 4428 summaque
747 4357 757 4424 0
789 4353 1369 4428 10311110000000100100001000111040

240 4439 400 4511 1110001010οῙ
422 4449 482 4495 1041
505 4443 560 4494 via.
