3034 5198
682 491 713 560 11
1206 495 1250 564 91

139 661 244 728 semel
258 669 379 730 eontra
393 683 488 728 suam
503 671 762 750 ceterorumque
777 664 1055 732 consuetudinem
1072 671 1161 754 quasi
1174 691 1254 754 pro·

141 761 299 836 duxisse,
316 762 373 846 qui
386 762 422 826 in
435 784 466 836 v,
476 760 537 824 729
552 760 706 826 maluerit
724 762 873 828 scribere
888 765 1024 830 Prmude
1038 768 1127 853 peresi
1139 768 1175 832 id
1178 768 1255 857 fieri

140 870 285 946 nequeat.
297 860 422 946 alioqui
436 879 506 924 non
518 860 640 946 ignoro
655 861 690 924 in
706 860 823 928 tabula
831 860 978 926 Bantina
993 872 1028 928 st
1040 865 1076 929 in
1090 865 1164 951 lege
1175 864 1255 930 Ser-

139 957 220 1022 vilia
233 959 397 1044 scriptum
412 979 488 1024 esse
502 962 608 1046 querci
620 962 665 1024 eei
679 1007 689 1041 ,
706 960 788 1024 item
807 961 843 1025 in
862 961 936 1048 lege
956 964 1036 1050 pagi
1049 963 1254 1028 Herculanei

140 1066 203 1120 tom
223 1057 330 1142 peasa
348 1058 416 1136 sei,
434 1058 469 1122 in
490 1067 627 1124 senatus
648 1058 803 1124 consulto
827 1059 870 1124 de
884 1059 1156 1127 Bacchanalibus
1171 1067 1207 1126 st
1219 1061 1255 1126 in

141 1153 215 1218 aliis
233 1155 466 1219 instrumentis
486 1153 631 1239 publicis
644 1157 721 1220 uisci
736 1204 745 1236 ,
765 1155 859 1241 quod
872 1156 908 1220 in
920 1155 1105 1222 Frontonis
1118 1179 1254 1243 quoque

141 1250 260 1318 codiee
280 1251 454 1318 inventurn
475 1260 528 1317 est
549 1273 584 1336 p.
600 1253 657 1318 127
679 1253 853 1320 Romame
875 1253 1060 1320 editionis.
1084 1277 1188 1341 quare
1211 1255 1255 1344 de

140 1348 263 1416 Plauto
278 1371 348 1414 non
369 1350 547 1416 intercedo
561 1373 630 1438 quo
644 1351 754 1416 minus
768 1352 855 1418 haec
869 1351 1037 1417 vocabula
1050 1349 1254 1437 produxisse

92 1448 101 1470 ³
142 1447 370 1514 existimetur.
387 1449 422 1512 in
435 1447 587 1516 Poenulo
602 1473 625 1526 1,
634 1449 663 1524 2,
672 1449 842 1530 sesam,
854 1452 968 1537 capita,
980 1451 1106 1531 amabo,
1117 1453 1188 1516 itan
1201 1474 1256 1518 ecs

139 1546 312 1630 perhiberi,
331 1547 428 1627 Quasi
447 1549 530 1612 salsa
550 1549 716 1614 muriatico
737 1571 799 1614 esse
813 1558 1012 1614 cammer-
1025 1546 1101 1614 Sine
1115 1550 1198 1616 ornei
1212 1550 1255 1614 le·

135 1665 217 1728 pore
231 1645 515 1726 statuentem,
531 1647 605 1712 Nisi
617 1647 713 1712 multa
727 1669 919 1734 aquamque
933 1647 1255 1714 etdtomaaramor.

145 1740 204 1805 112
223 1741 354 1828 Opsecro
375 1743 496 1824 tecle,
517 1755 551 1808 ut
569 1746 671 1810 mulso
691 1745 849 1832 mquitur!
871 1747 919 1812 nil
936 1746 998 1810 raet
1017 1747 1201 1814 laterculos.
1221 1746 1255 1810 in

143 1836 264 1906 Casina
278 1840 638 1916 auscultantem
648 1843 740 1910 vilico
750 1866 812 1908 oon
822 1843 994 1908 dmumim.
1006 1852 1158 1910 ceterum
1171 1843 1256 1908 illud

142 1961 263 2024 quase,
290 1939 384 2024 qnod
406 1939 632 2020 Quintilianus
653 1943 757 2010 instit.
774 1966 795 2018 ι,
804 1943 833 2018 7,
841 1941 882 2006 24
903 1943 939 2006 in
959 1943 1139 2008 multorum
1160 1942 1256 2010 libris

142 2039 306 2126 scriptum
321 2059 395 2104 esse
410 2038 518 2115 dicit,
540 2040 687 2106 fortasse
707 2043 742 2106 in
762 2042 830 2106 hoc
849 2048 969 2106 nostro
990 2042 1067 2106 loco
1088 2049 1190 2106 tenue
1204 2041 1256 2105 sui

141 2139 322 2223 vestigium
335 2137 490 2222 reliquit.
505 2146 598 2203 certe
612 2139 647 2202 in
659 2138 779 2202 Sticho
790 2138 903 2203 Plauti
915 2161 945 2213 v,
958 2138 1012 2212 l,8
1023 2161 1086 2224 quo
1100 2159 1192 2202 seue
1209 2149 1255 2204 ta·

141 2237 234 2302 tescit
245 2238 311 2300 dies
323 2237 372 2298 ita
386 2235 646 2322 intellegendum
662 2244 714 2302 est
733 2283 741 2310 ,
764 2239 927 2322 persenia
948 2283 955 2298 .
982 2237 1018 2300 in
1032 2235 1198 2300 Varronis
1213 2233 1256 2298 de

141 2334 258 2418 lingua
271 2333 395 2396 latina
407 2332 496 2398 libro
511 2354 559 2396 vu
574 2355 606 2417 p.
616 2333 677 2398 356
692 2381 700 2408 ,
722 2333 781 2396 ubi
795 2337 849 2398 cst
863 2355 942 2418 qaae
951 2378 961 2412 ‚
976 2330 1191 2396 scribendum
1207 2331 1257 2396 vi·

143 2429 246 2495 detur
260 2453 373 2518 quase,
389 2429 457 2494 hoc
471 2430 574 2495 modo
591 2479 598 2505 ‚
617 2431 713 2496 Iubar
727 2431 839 2496 dicitur
852 2431 939 2496 stella
953 2429 1101 2517 Densa,
1116 2451 1210 2516 quone
1222 2431 1257 2494 ιἰι

141 2551 260 2594 maome
274 2529 357 2615 quod
368 2529 458 2595 iubet
472 2530 573 2594 lumen
587 2530 730 2619 Menam
739 2541 774 2594 ut
783 2531 828 2596 leo
839 2531 872 2594 ia
883 2530 981 2615 capite
991 2528 1095 2594 iubam
1110 2577 1117 2592 .
1133 2529 1168 2592 in
1182 2527 1257 2615 lege

144 2626 274 2692 Rubria
288 2649 309 2700 1,
318 2627 358 2690 47
373 2629 438 2692 eise
450 2628 492 2692 iei
500 2674 508 2690 .

226 2723 296 2788 294.
318 2723 402 2790 Nae
426 2745 598 2790 srrrara
621 2747 745 2790 neers
766 2747 925 2790 sucrum
948 2745 1057 2801 onan
1077 2745 1256 2790 marram

146 2821 577 2890 Cor1A.Marullusru1r
591 2825 910 2912 umquummuterioi.

227 2921 298 2986 301.
320 2945 367 2985 ar
388 2943 596 2986 oarscrur
617 2943 743 2996 vrouo
766 2943 986 2985 vanasour
1001 2969 1008 2984 .
1023 2919 1099 2984 Itali
1123 2928 1158 2984 et
1178 2920 1258 2984 olim

142 3021 298 3106 impressi
321 3043 443 3097 vrour
466 3020 631 3083 nahmen.
655 3017 822 3084 Marullus
843 3019 901 3082 vix
921 3017 1043 3081 Latine
1064 3019 1156 3103 iopam
1175 3019 1257 3080 cale-

143 3120 238 3184 beet:
255 3139 332 3182 nam
348 3137 434 3202 quae
448 3116 722 3200 praepositiones
737 3123 871 3180 auctum
888 3122 923 3180 et
935 3115 1177 3180 incrementum
1191 3114 1258 3198 sig·

141 3217 299 3290 nilicant,
310 3223 348 3279 ut
362 3237 419 3280 eon
433 3239 449 3278 e
463 3216 496 3277 ia
508 3238 560 3294 re,
573 3235 633 3280 eae
646 3215 817 3279 valeamus·
830 3214 937 3279 verbo
953 3219 1054 3299 aptae
1070 3219 1149 3277 sunt
1166 3231 1259 3287 ‚non

140 3315 264 3382 edendi
271 3362 280 3395 ,
289 3314 472 3400 prumalem
486 3319 599 3378 autem
611 3321 648 3378 et
655 3314 887 3400 praeeomeere
900 3313 988 3376 inter
1003 3332 1041 3376 se
1056 3309 1233 3376 differunt.

228 3412 299 3477 304.
325 3410 416 3475 Nau
442 3433 577 3489 ucoca
600 3433 682 3494 ¹Quo
710 3435 853 3476 rossrr
879 3433 1008 3474 araus
1034 3431 1167 3474 ιιιιιιιι
1182 3429 1256 3472 us·

145 3533 269 3576 raam
291 3509 507 3574 Esrucasa
530 3531 579 3572 ax
600 3529 932 3592 campuscoellus
951 3531 1045 3583 aar,
1063 3527 1193 3583 nuqua
1215 3527 1257 3568 ιιι

146 3630 280 3675 cunas
303 3607 416 3672 Urna
444 3629 606 3672 oooara
629 3629 762 3682 ouans
785 3629 895 3672 nova
917 3629 983 3670 v1s
1006 3627 1258 3671 rnaunraau.

145 3706 252 3773 Medii
265 3727 385 3772 versus
401 3711 584 3769 extremam
597 3713 729 3790 partem
751 3705 882 3791 perisse
903 3711 1071 3790 apparet,
1091 3722 1178 3788 quae
1198 3723 1258 3786 ap·

146 3807 274 3872 tissime
288 3803 440 3889 suppleri
453 3810 571 3887 potest
583 3802 619 3866 in
633 3803 724 3868 hunc
738 3803 875 3868 modum
895 3851 902 3878 ‚
923 3826 1020 3890 neque
1040 3804 1074 3864 ιἰι
1091 3823 1178 3866 omae
1192 3823 1259 3865 sa·

147 3925 278 3969 orsum
295 3903 381 3968 Unde
395 3913 497 3966 coorta
511 3913 601 3988 queat
613 3925 691 3966 noea
704 3903 749 3966 eis
762 3903 940 3987 innovavere
955 3949 961 3963 .
978 3898 1145 3964 Antonius
1159 3897 1260 3964 Marii

145 4025 241 4088 περιρ
259 4023 367 4065 mae
385 4002 418 4064 iu
439 4021 563 4078 mnes,
579 3996 788 4063 Veronensis
804 3997 908 4064 editio
923 4020 1019 4085 oeque
1027 3997 1130 4082 panis
1142 3996 1176 4060 ia
1194 4019 1258 4060 ora·

147 4123 216 4175 aee,
227 4097 406 4178 Marullus,
418 4119 516 4184 quem
533 4097 637 4161 ceteri
652 4098 759 4162 secuti
773 4104 852 4162 sunt
862 4145 869 4172 ‚
880 4119 977 4184 oeque
991 4119 1097 4160 mermes
1112 4096 1145 4160 ie
1158 4117 1258 4158 mnne.

231 4197 299 4261 313.
324 4219 391 4259 ιιιιι
420 4219 543 4260 rrsuu
566 4195 751 4260 Cauarae
780 4217 850 4260 rau
880 4214 1095 4270 accures,
1126 4213 1259 4256 aoros

148 4317 309 4370 QUOQUE
322 4317 531 4360 Ascraeas
547 4293 1259 4360 narrar.Gifaniusutmrsasunpars

146 4389 330 4456 Marullus.
