3034 5198
273 429 319 496 st
813 425 843 494 11

272 603 429 668 videatur
451 602 680 666 omniasemel
704 601 748 666 ad
768 601 905 674 istratus
926 609 960 666 et
980 598 1187 664 arideorum
1211 601 1391 666 arbitrium

272 701 401 766 referre
410 702 437 785 ‚l
457 702 523 765 Nec
532 701 701 784 persectari
709 699 886 783 primordia
900 699 1021 782 stapulo
1036 718 1193 782 quaeque,
1214 697 1253 760 Ut
1265 698 1393 762 rideam

273 826 334 889 quc
350 801 478 887 quicque
490 807 616 881 peralto·
637 819 705 859 crem
725 797 843 860 reterre
863 843 869 858 .
895 802 998 878 atque
1012 793 1066 858 his
1082 803 1160 879 apte
1174 795 1291 858 iuncta
1306 805 1390 858 suut

274 919 360 984 quae
375 903 535 962 secuntur
558 919 565 956 :
592 913 632 957 ea
647 913 728 956 vero
744 891 950 958 huiusmodi
966 898 1045 956 sunt
1064 939 1071 964 ‚
1095 911 1137 955 ne
1160 913 1234 955 esse
1250 891 1388 976 quidem

274 1019 360 1083 opus
371 1003 410 1059 ut
420 994 541 1078 aliquis
553 991 812 1078 primordiorum
824 996 980 1055 naturam
991 997 1149 1054 accurate
1160 991 1389 1078 pervestiget,

275 1117 342 1179 quo
357 1093 463 1180 magis
479 1090 663 1178 perspiciat
677 1089 868 1153 universam
882 1108 994 1152 rerum
1015 1095 1170 1151 naturam
1191 1107 1261 1152 nou
1275 1109 1353 1154 esse
1367 1111 1390 1154 a

275 1194 337 1258 diis
352 1191 522 1256 hominum
538 1209 641 1253 causa
657 1188 876 1252 constitutam
891 1235 898 1248 .
919 1185 981 1250 sed
996 1185 1085 1251 hauc
1101 1206 1171 1250 rem
1185 1192 1307 1276 poeta,
1322 1189 1389 1252 nisi

273 1290 392 1365 fallor,
407 1289 557 1356 breviter
576 1287 673 1350 nimis
690 1306 752 1350 uec
767 1295 836 1349 tam
851 1285 979 1349 diserte
994 1304 1093 1367 quam
1109 1283 1196 1348 solet
1212 1287 1389 1368 exposuit:

214 1435 217 1442 ,
273 1409 350 1456 uam
363 1386 448 1451 illud
462 1385 632 1463 blanditur,
644 1383 738 1469 quod
753 1384 854 1449 estin
869 1403 971 1446 versu
989 1382 1046 1446 173
1056 1429 1064 1456 ,
1075 1403 1096 1444 a
1110 1381 1282 1466 plerisque
1296 1382 1389 1448 frua-

274 1498 328 1554 tra
343 1490 542 1570 temptatum
558 1482 652 1566 (Itali
667 1481 752 1544 enim
768 1479 880 1544 fecere
901 1481 940 1544 Ut
954 1517 989 1526 -
1007 1479 1191 1558 timuerat,
1202 1479 1388 1546 Lambinus

275 1585 312 1648 Ut
329 1623 362 1634 -
381 1579 557 1664 blanditias)
575 1627 583 1652 ,
606 1579 688 1643 satis
711 1578 796 1642 dure
810 1577 957 1663 positum
973 1583 1026 1640 est
1040 1598 1103 1663 pro
1118 1579 1300 1644 blandrada
1314 1580 1386 1643 bor·

274 1694 355 1748 tator
370 1680 441 1744 sive
451 1678 619 1763 permandet
633 1684 667 1741 et
682 1677 831 1761 compellit
844 1675 1015 1759 (similiter
1024 1673 1201 1740 Vitruvius
1210 1677 1245 1740 in
1256 1675 1335 1743 libri
1347 1701 1385 1742 ιιι

273 1775 485 1866 praefatione
507 1799 575 1839 cum
596 1777 686 1840 etum
708 1797 797 1860 saepe
819 1775 994 1838 blandiatur
1013 1775 1118 1859 pratia
1140 1776 1343 1840 cucumerum
1366 1801 1387 1840 ιι

275 1880 352 1942 unis
366 1876 488 1940 dediciis
502 1874 668 1960 adscitum
677 1873 889 1958 probationem
898 1897 908 1934 .·
919 1872 1002 1936 dicit
1014 1873 1100 1936 enim
1112 1872 1284 1948 convivia,
1297 1895 1386 1959 quae

274 1975 419 2040 artifices
435 1971 518 2036 dent
531 1971 724 2044 nobilibus,
747 1991 849 2057 saepe
870 1969 989 2034 horum
1011 1970 1161 2035 savorem
1182 1971 1385 2058 eblandiri),

273 2095 383 2157 neque
399 2071 511 2136 versui
528 2069 604 2144 183,
619 2070 654 2132 in
676 2089 743 2154 quo
767 2076 820 2132 est
834 2069 930 2134 Noae
943 2069 978 2132 id
991 2069 1073 2155 quod
1084 2083 1176 2154 uper
1189 2081 1232 2134 est
1244 2074 1385 2157 expedie—

272 2195 354 2243 mus,
367 2167 541 2236 commode
557 2167 662 2232 subici
678 2168 790 2252 potuit
805 2167 899 2230 Nunc
914 2168 997 2230 lectu
1010 2180 1054 2231 est
1065 2170 1098 2230 iu
1112 2167 1159 2230 lu'r
1173 2169 1253 2233 illud
1265 2193 1385 2257 proque

272 2272 361 2335 rebels
379 2269 583 2356 Coepirmcre.
600 2264 732 2328 accedit
748 2262 839 2348 quod
857 2285 893 2328 se
908 2285 979 2328 rem
994 2265 1147 2350 posterius
1164 2278 1302 2354 apertam
1308 2269 1383 2354 sac.

272 2381 374 2434 terum
388 2363 572 2451 promittit3
585 2361 750 2445 quod.ubi
765 2361 937 2445 praestitit
946 2363 1102 2426 versibus
1115 2384 1250 2448 quoque
1264 2364 1384 2430 iisdem

273 2467 403 2550 aliquot
418 2462 571 2548 repetitis
585 2461 618 2520 in
634 2459 720 2522 libro
736 2458 854 2541 quinto
873 2458 1050 2524 let-234
1062 2509 1070 2536 ,
1083 2462 1131 2527 ibi
1144 2462 1192 2526 rei
1207 2462 1383 2528 institutae

273 2561 509 2629 tractationem
524 2578 592 2621 non
607 2557 689 2620 satis
703 2563 797 2620 recto
812 2556 1035 2641 interruptam
1051 2579 1127 2624 esse
1148 2559 1194 2624 ad
1214 2562 1286 2626 eius
1305 2562 1383 2628 libri

272 2681 407 2725 versum
430 2657 491 2720 235
515 2653 842 2720 demonstrabimus.
865 2652 1011 2738 denique
1027 2677 1124 2739 quem
1147 2656 1381 2724 admodum'in

272 2759 346 2832 his,
371 2755 492 2841 quibus
507 2773 619 2818 rerum
635 2757 789 2814 naturam
805 2749 847 2814 ad
862 2749 1038 2815 utilitatem
1050 2753 1218 2820 hominum
1234 2767 1381 2822 creatam

273 2877 348 2922 esse
363 2861 483 2940 negat,
498 2861 565 2915 tanr
579 2853 613 2914 in
628 2847 779 2914 secundo
796 2846 881 2911 libro
906 2869 1006 2933 quam
1025 2851 1061 2914 in
1076 2852 1194 2935 quinto
1216 2858 1381 2942 composi·
1485 2897 1486 2925 ι

272 2955 395 3020 tionem
411 2951 577 3039 poematis
591 2950 748 3014 laborare
762 2945 986 3011 intelleximus
1001 2995 1008 3021 ,
1024 2949 1073 3012 ita
1086 2951 1120 3012 in
1135 2973 1172 3014 ra
1187 2951 1265 3016 huic
1281 2955 1381 3020 simil-

270 3055 348 3119 lima
369 3053 403 3116 iu
423 3051 510 3116 libro
533 3057 676 3134 quarto,
692 3045 750 3111 ubi
771 3066 892 3110 sensus
914 3044 1104 3110 bominibus
1123 3055 1264 3133 propter
1284 3071 1379 3137 usum
1483 3093 1484 3106 ι

271 3152 373 3218 datos
389 3169 463 3214 esse
478 3148 569 3212 nullo
588 3145 690 3210 modo
712 3143 806 3209 credi
826 3163 928 3230 posse
947 3141 1068 3218 docet,
1082 3165 1200 3210 rursus
1220 3149 1380 3213 observa·

270 3251 379 3314 bimus
394 3267 466 3310 eam
481 3267 550 3310 rem
567 3265 696 3308 omnem
713 3241 793 3306 illuc
813 3262 881 3304 non
901 3240 1014 3306 facere
1027 3240 1207 3306 eae-857
1232 3291 1239 3308 .
1264 3247 1379 3334 itaque

271 3345 485 3432 perspicuum
497 3339 724 3405 esthoslocos
734 3337 921 3402 aLucretio
935 3359 1003 3402 non
1019 3359 1059 3403 eo
1075 3340 1195 3406 ordine
1209 3363 1276 3426 quo
1290 3365 1380 3410 nunc

271 3441 419 3507 carmina
429 3439 556 3522 scripta
566 3438 704 3523 legimus
717 3445 884 3502 tractatos
895 3458 970 3502 esse
990 3484 998 3510 ,
1017 3437 1079 3502 sed
1097 3439 1162 3504 alio
1180 3447 1334 3525 tempore
1346 3453 1380 3508 et

270 3561 344 3606 cum
361 3544 475 3602 cetera
487 3536 522 3599 in
537 3537 689 3599 manibus
703 3555 773 3599 non
786 3533 930 3600 haberet
950 3585 957 3611 ,
982 3557 1055 3600 cum
1078 3537 1200 3621 quibus
1220 3545 1324 3624 poeta
1345 3551 1380 3606 et

268 3635 495 3724 philosophus
516 3633 587 3697 veri
608 3654 720 3698 rorum
740 3632 869 3698 ordinis
892 3635 1033 3698 maxime
1055 3633 1229 3700 studiosus
1250 3637 1378 3712 1113,ιί
1478 3701 1479 3712 ,

268 3743 403 3821 posset,
419 3753 519 3818 quam
534 3731 706 3816 aptissime
721 3731 925 3820 coniungere
940 3733 1110 3798 debebat.
1131 3755 1173 3798 ex
1189 3755 1257 3818 quo
1273 3755 1377 3822 appa·
1478 3731 1479 3754 ¹

267 3841 340 3909 ret,
355 3831 527 3917 quodiam
543 3851 647 3914 supra
662 3828 748 3905 dixi,
763 3831 872 3916 ipsum
888 3836 1023 3916 poetam
1032 3829 1105 3894 >hoc
1119 3851 1206 3917 opus
1221 3853 1291 3896 non
1306 3833 1376 3898 edi·

268 3930 378 4003 disse,
393 3949 502 4012 neque
524 3928 666 4014 primum
687 3926 851 3992 editorem
868 3949 1006 3993 curasse
1027 3936 1066 3992 ut
1088 3927 1239 4014 singulae
1260 3938 1376 4015 partes
1476 3983 1477 3990 ,

266 4024 438 4112 perlectae
461 4031 496 4086 et
516 4025 692 4090 absolutae
709 4023 929 4100 viderentur3
953 4046 1050 4111 quem
1073 4026 1179 4110 siquis
1201 4027 1235 4091 in
1258 4027 1311 4093 his
1333 4028 1376 4094 de
1475 4087 1476 4110 ,

267 4125 389 4210 quibus
399 4141 488 4184 nunc
500 4142 575 4185 cum
584 4124 725 4187 maxime
737 4119 866 4209 agim‘us
878 4123 1031 4189 reraaibu
1044 4123 1165 4188 charta
1177 4125 1376 4210 imperfecta

267 4229 301 4288 et
322 4221 433 4285 lacera
454 4241 549 4284 usum
573 4241 647 4284 esse
668 4220 921 4304 suspicabitur,
945 4227 984 4285 ut
1005 4243 1045 4286 aa
1068 4242 1154 4306 quae
1176 4221 1233 4286 hio
1254 4223 1375 4290 deesse
1474 4203 1475 4226 ¹

264 4319 459 4402 scripsimus
473 4337 652 4402 numquam
668 4317 760 4382 edita
775 4315 943 4383 existimet
958 4367 966 4394 ,
986 4319 1070 4384 nihil
1084 4319 1219 4384 habebo
1236 4321 1333 4405 quod
1346 4324 1374 4386 ei

263 4436 452 4502 repugnare
466 4415 593 4482 dicam.
