2970 5268
639 511 671 578 V

85 685 230 770 religione
246 683 446 749 refrenatus
461 707 504 748 ne
518 683 605 749 forte
622 687 724 750 rearis

45 817 67 856 ,a
84 816 175 863 terras
192 813 229 864 et
245 800 359 864 solem
376 809 410 864 et
424 800 552 863 caelum
563 849 570 872 ,
583 823 672 864 mare
688 801 798 866 sidera
814 803 938 880 lunam,

83 936 213 1001 corpore
231 915 354 979 divino
372 913 493 978 debere
509 923 645 981 aeterna
661 938 809 990 manere,

82 1039 331 1116 proptereaque
346 1039 444 1114 putes
458 1029 525 1093 ritu
540 1052 602 1116 par
618 1052 690 1094 esse
707 1030 886 1116 Gigantum

81 1142 217 1227 pendere
235 1167 302 1208 eos
317 1165 443 1230 poenas
457 1145 579 1208 inmani
595 1167 656 1232 pro
673 1146 798 1210 scelere
814 1149 935 1223 omnis,

80 1259 125 1340 qui
138 1260 281 1322 ratione
299 1281 360 1323 sua
375 1259 565 1324 disturbent
578 1261 709 1324 moenia
723 1259 837 1323 mundi

78 1374 355 1460 praeclarumque
370 1375 474 1438 velint
489 1374 571 1467 caeli
586 1376 794 1460 restinguere
810 1375 929 1448 solem,

79 1486 264 1552 inmortalia
282 1489 415 1554 mortali
428 1511 582 1553 sermone
597 1477 769 1566 notantem

80 1623 154 1684 quae
169 1605 424 1689 proculusque
440 1603 526 1667 adeo
542 1603 655 1668 divino
672 1627 692 1668 a
705 1605 837 1669 numine
852 1606 992 1684 distent,

80 1714 170 1800 inque
186 1717 296 1782 deum
311 1741 448 1782 numero
466 1740 551 1803 quae
566 1719 633 1783 sint
647 1719 783 1806 indigna
798 1720 917 1798 videri,

78 1833 219 1897 notitiam
238 1835 357 1922 potius
371 1835 533 1919 praebere
549 1843 585 1898 ut
600 1835 701 1918 posse
717 1843 875 1921 putentur

41 1957 64 1998 ..a
80 1945 150 2027 quid
165 1949 211 2012 sit
229 1949 328 2014 vitali
344 1959 435 2012 motu
450 1971 617 2034 sensuque
632 1960 810 2014 remotum.

82 2061 195 2148 quippe
213 2065 341 2127 etenim
356 2084 425 2127 non
441 2075 508 2138 est,
521 2085 594 2126 cum
611 2066 731 2149 quovis
747 2087 890 2150 corpore
904 2077 942 2132 ut
957 2088 1030 2130 esse

81 2197 171 2258 posse
186 2179 295 2241 animi
310 2186 429 2260 natura
444 2189 580 2263 putetur
596 2179 850 2264 consiliumque3

82 2288 157 2354 sicut
170 2293 205 2356 in
223 2291 365 2357 aethere
381 2315 448 2357 non
464 2295 565 2358 arbor
575 2342 582 2366 ‚
594 2286 662 2357 non
677 2315 824 2378 aequore
840 2295 928 2358 salso

81 2405 178 2470 nubes
194 2411 275 2472 ess'e
294 2418 436 2493 queunt,
448 2431 557 2494 neque
572 2409 680 2494 pisces
696 2409 810 2472 vivere
824 2407 858 2471 in
873 2411 978 2485 arvis,

42 2524 65 2569 a
82 2537 133 2581 nec
147 2543 253 2587 cruor
268 2525 304 2588 in
319 2524 416 2609 lignis
431 2546 540 2609 neque
555 2524 645 2588 saxis
661 2546 761 2588 sucus
775 2525 897 2588 inesse.

84 2645 200 2701 certum
217 2661 259 2703 ac
278 2638 509 2724 dispositumst
524 2639 747 2724 ubi'quioquit
762 2649 892 2706 creseat
907 2650 942 2704 et
955 2641 1047 2705 insit.

84 2746 123 2809 sic
136 2751 236 2816 animi
255 2763 375 2818 natura
389 2754 505 2838 nequit
519 2755 591 2817 sine
606 2775 748 2839 corpore
764 2756 842 2820 oriri

84 2861 146 2926 sola
160 2889 277 2954 neque
293 2869 438 2932 enervis
454 2879 487 2932 et
502 2869 661 2954 sanguine
678 2869 820 2953 longiter
836 2891 925 2931 esse.

85 2978 155 3058 quid
170 2983 199 3047 si
213 2993 336 3069 posset
351 2983 460 3047 enim?
472 2983 574 3046 multo
591 2984 683 3070 prius
697 2982 772 3067 ipsa
787 2983 885 3044 animi
900 2983 950 3046 vis

44 3097 69 3142 1³³2
84 3089 233 3182 incapite
249 3112 309 3162 aut
323 3098 444 3162 umeris
459 3107 517 3161 aut
531 3099 603 3160 imis
620 3096 765 3160 calcibus
781 3117 855 3158 esse

86 3219 210 3288 posset,
227 3220 265 3276 et
278 3213 406 3278 innasci
421 3211 540 3298 quavis
553 3212 586 3274 in
602 3219 698 3298 parte
713 3209 838 3274 soleret

87 3322 211 3392 tandem
226 3331 262 3393 in
279 3327 396 3391 eodem
411 3327 544 3392 homine
560 3337 662 3412 atque
676 3327 709 3390 in
727 3324 844 3389 eodem
861 3346 940 3389 vase
955 3303 1102 3391 manere.

88 3439 170 3518 quod
185 3444 345 3528 quoniam
360 3453 477 3507 nostro
494 3465 629 3529 quoque
645 3451 778 3507 constat
794 3463 937 3529 corpore
952 3452 1094 3524 certum,

89 3545 349 3643 dispositumque
364 3555 497 3622 videtur
511 3560 567 3622 ubi
582 3580 656 3622 esse
673 3567 706 3623 et
722 3580 874 3622 crescere
889 3558 996 3642 possit

46 3667 73 3716 ¹³⁰
89 3683 229 3737 Seorsum
245 3674 352 3737 anima
368 3681 468 3759 atque
483 3675 628 3747 animus,
642 3683 734 3738 tanto
750 3675 854 3759 magis
869 3671 1076 3737 infitiandum

88 3787 184 3852 tOturn
198 3811 302 3875 posse
318 3796 413 3872 entra
428 3786 772 3873 corpusiormamque
787 3788 959 3851 animalem

89 3902 232 3976 putribus
245 3904 281 3968 in
295 3904 401 3990 glebis
415 3911 580 3967 terrarum
595 3910 654 3965 aut
668 3903 747 3967 solis
762 3903 795 3966 in
811 3903 877 3987 igni

90 4021 139 4075 aut
150 4016 183 4080 in
200 4041 289 4104 aqua
304 4017 426 4082 durare
443 4027 500 4081 aut
516 4016 591 4080 altis
606 4017 751 4080 aetheris
767 4017 852 4079 oris.

20 4322 22 4396 J
95 4327 133 4376 ¹¹4
151 4323 302 4404 Relligione
329 4334 339 4402 11
369 4339 418 4386 116
436 4351 537 4387 meere.
566 4336 576 4405 11
608 4340 653 4386 117
673 4351 735 4404 pars
764 4335 773 4402 11
803 4340 847 4387 121
868 4335 983 4388 serruoni
1012 4337 1022 4404 11
1052 4335 1211 4386 1221113ιὶ11-

94 4401 193 4468 histem.
212 4419 222 4488 11
245 4423 290 4470 131
311 4426 415 4472 crescet
434 4426 461 4472 et
478 4419 568 4478 inesit.
587 4419 598 4486 11
621 4423 665 4495 133
679 4433 765 4487 neque
778 4418 847 4470 orvis
866 4416 876 4486 11
896 4416 1002 4488 longius
1020 4417 1092 4486 11131
1108 4415 1210 4483 01101111

96 4491 134 4542 142
151 4497 248 4566 glabris
268 4502 277 4568 11
297 4502 322 4554 in
341 4509 473 4556 omissum.

895 4647 897 4652 .
949 4600 1004 4662 ·ll
