2946 5188
235 411 280 480 90
410 453 414 461 ι
776 412 823 480 lll

235 583 327 672 quod
342 605 446 670 genus
462 605 480 648 e
495 584 604 648 thuris
620 584 746 670 glaebis
762 583 904 650 evellere
919 583 1059 650 odorem

233 698 326 764 haud
339 699 435 763 facile
451 705 518 772 est,
530 698 611 783 quin
624 700 767 764 intereat
782 705 902 765 natura
916 691 1052 787 quoque
1068 703 1152 766 ciue.

234 815 282 878 sic
297 815 395 878 animi
410 821 511 898 atque
526 814 653 877 animae
668 822 822 879 naturam
836 835 980 900 corpore
994 823 1068 881 toto

71 941 74 950 ¹
162 945 211 991 330
234 927 410 992 extrahere
424 927 507 993 haut
520 927 616 992 facilc
631 937 700 1005 est,
713 929 792 1015 quin
807 928 917 992 omnia
932 927 1174 995 dissoluantur.

234 1042 375 1130 inplexis
388 1043 435 1106 ita
449 1042 618 1127 principiis
633 1045 676 1108 ab
691 1042 816 1130 origine
830 1043 937 1129 prima

233 1158 321 1221 inter
336 1177 372 1220 se
386 1156 469 1220 fiunt
484 1158 631 1222 consorti
646 1156 801 1243 praedita
814 1157 896 1234 vita,

233 1292 295 1335 nec
310 1271 372 1335 sibi
388 1291 539 1356 quaeque
554 1273 625 1337 sine
640 1273 775 1337 alterius
789 1272 822 1336 vi
836 1292 938 1356 posse
952 1270 1086 1337 videtur

234 1385 387 1471 corporis
401 1393 502 1470 atque
517 1387 616 1450 animi
630 1407 780 1452 seorsum
794 1386 917 1450 sentire
930 1392 1099 1472 potestas,

163 1517 210 1562 333
233 1497 294 1563 sed
310 1495 640 1564 communibusinter
655 1521 712 1564 333
727 1499 892 1566 conflatur
906 1499 1073 1585 utrimque

235 1615 378 1678 motibus
393 1634 554 1677 accensus
568 1613 666 1678 nobis
680 1635 742 1700 per
755 1615 885 1678 viscera
899 1635 1030 1678 sensus.

235 1735 410 1812 praeterea
424 1749 547 1812 corpus
561 1749 622 1812 per
636 1749 673 1794 se
687 1750 749 1792 nec
763 1727 908 1812 gignitur
921 1749 1077 1814 umquam

234 1863 297 1906 nec
312 1843 431 1906 crescit
445 1863 553 1928 neque
568 1849 799 1928 postmortem
815 1841 937 1908 durare
951 1842 1100 1908 videtur.

233 1979 303 2020 non
317 1957 418 2033 enim,
428 1965 466 2020 00
480 1977 576 2022 umor
590 1977 697 2042 aquae
712 1956 847 2022 dimittit
861 1977 963 2043 saepe
977 1977 1151 2042 vaporem,

165 2089 214 2135 330
238 2073 295 2158 qui
309 2069 408 2135 datus
425 2079 493 2146 est,
504 2091 614 2156 neque
629 2092 669 2136 33
683 2093 784 2137 causa
798 2071 995 2136 convellitur
1009 2071 1097 2158 ipse,

236 2185 298 2250 sed
311 2194 424 2251 manet
437 2185 609 2250 incolumis
619 2233 627 2261 ,
638 2208 723 2262 non,
734 2187 886 2272 inquam,
898 2186 946 2250 sic
961 2185 1079 2250 animai

236 2299 409 2366 discidium
423 2309 567 2388 possunt
581 2309 673 2366 artus
688 2299 838 2389 perferre
851 2301 973 2374 relicti,

236 2414 296 2480 3331
310 2415 445 2501 penitus
459 2423 601 2500 pereunt
615 2415 768 2479 convulsi
782 2436 914 2501 conque
928 2421 1139 2500 putrescunt.

236 2551 278 2593 ex
291 2530 426 2593 incunte
441 2550 524 2593 aevo
539 2529 587 2591 sic
601 2529 754 2614 corporis
769 2536 870 2614 atquc
886 2529 1005 2593 animai

167 2661 215 2706 345
238 2651 352 2706 mutua
366 2641 474 2706 vitalis
490 2640 624 2706 discunt
638 2641 793 2727 contagia
806 2648 931 2718 motus,

235 2757 392 2822 maternis
408 2757 505 2820 etiam
519 2757 673 2820 membris
688 2755 831 2840 alvoque
846 2763 1001 2841 reposta,

237 2870 411 2936 discidium
424 2878 463 2934 ut
477 2878 622 2956 nequeat
635 2869 705 2935 ficri
720 2871 791 2935 sine
806 2877 901 2957 peste
916 2871 1084 2956 maloque;

236 2997 274 3052 00
288 2985 404 3053 videas
414 3034 422 3061 ,
434 2987 589 3071 quoniam
604 2985 815 3051 coniunctast
829 3005 930 3050 causa
944 2986 1076 3062 salutis,

237 3102 452 3167 coniunctam·
462 3123 596 3187 quoque
611 3110 761 3168 naturam
778 3100 964 3166 consistere
979 3121 1107 3165 corum.

165 3235 213 3280 330
279 3215 398 3301 [Quod
414 3237 515 3301 super
529 3222 598 3291 est,
609 3216 713 3301 siquis
729 3237 852 3302 corpus
867 3215 991 3280 sentire
1006 3215 1144 3291 refutat,

156 3401 158 3408 ,
237 3340 338 3414 atque
353 3329 495 3392 animam
509 3327 617 3392 credit
630 3329 828 3415 permixtam
842 3351 984 3416 corpore
999 3337 1072 3394 toto

238 3443 407 3529 suscipere
421 3443 511 3505 hunc
525 3448 651 3505 motum
666 3463 764 3528 quem
780 3463 913 3507 sensum
927 3444 1174 3519 nominitamus,

237 3557 290 3622 vel
305 3556 497 3620 manifestas
512 3575 565 3618 res
581 3561 699 3620 contra
713 3577 878 3642 verasque
892 3568 1073 3645 repugnat.

238 3669 319 3757 quid
334 3671 476 3757 sithenim
492 3690 614 3756 corpus
629 3671 752 3735 sentire
767 3671 840 3756 quis
856 3671 989 3738 adferet
1002 3693 1171 3758 umquam,

165 3805 214 3850 353
237 3787 265 3850 si
279 3806 348 3849 non
362 3785 436 3870 ipsa
449 3785 558 3870 palam
573 3783 668 3871 quod
682 3807 737 3850 res
753 3784 846 3850 dedit
860 3808 900 3852 ac
915 3787 1029 3851 docuit
1043 3786 1130 3851 nos?

238 3909 273 3964 at
288 3899 422 3963 dimissa
436 3900 544 3964 anima
559 3921 682 3986 corpus
698 3908 790 3964 33030
804 3899 952 3986 undique
967 3923 1083 3966 sensu:

240 4084 441 4094 ———-..—.

240 4183 289 4230 330
307 4184 352 4230 aut
375 4177 385 4246 ll
410 4183 458 4230 332
477 4179 595 4231 consorti
613 4179 678 4232 liunt
701 4181 711 4244 ll
733 4180 816 4232 vitae.
836 4180 912 4247 11335
933 4197 978 4234 eos
998 4182 1008 4249 Η
1029 4186 1077 4234 346
1096 4187 1221 4251 reposto.
1239 4179 1250 4247 ΙΙ
1270 4185 1320 4232 347
1341 4191 1373 4234 00

240 4268 372 4316 omissum.
