2990 5182
268 441 338 508 374
795 438 845 504 Vl

266 615 298 676 io
313 615 430 677 coelom
445 613 630 686 Aventius,
653 613 778 676 rectius
800 633 899 697 quam
914 610 1089 676 Marullus·
1101 611 1180 676 bunc
1195 614 1230 674 in
1245 605 1368 678 coetum
1378 640 1389 675 .·

266 732 343 774 uam
359 732 432 774 eum
448 710 549 775 modo
567 710 610 773 de
625 709 763 774 aethere
779 709 907 774 dictum
922 718 1031 784 esset,
1053 709 1102 773 ita
1115 711 1223 796 magis
1238 725 1390 795 apparet

268 817 366 872 extra
377 829 473 892 quem
489 807 599 872 locum
614 807 671 871 illa
683 828 829 891 corpore
841 828 914 871 esse
927 806 1085 871 dicantur
1095 829 1183 892 quae
1198 811 1389 872 amaseae

267 905 465 970 adveniunt.
480 904 649 970 sedisne
663 906 801 992 Corpora
811 907 984 970 verissimo
993 905 1157 970 Marullus
1168 915 1205 970 et
1216 919 1299 972 ante
1311 929 1388 970 eum

267 1003 361 1066 Itali.
382 1025 461 1066 mox
475 1025 577 1068 versu
591 1005 653 1068 486
669 1004 855 1089 quadratus
871 1015 1061 1092 quomque,
1081 1005 1252 1090 oblongus
1268 1013 1305 1069 et
1320 1007 1387 1070 Its·

269 1100 323 1164 lioi
338 1113 521 1188 remotoque.

349 1199 746 1264 488.lunnuounn1nn
762 1200 1133 1264 summaluarullus
1149 1205 1386 1288 rsaspaeiom.

350 1295 552 1360 489.Haur
575 1319 717 1360 rorrus
739 1318 942 1370 nrrrunsr,
970 1319 1007 1360 sr
1030 1305 1166 1362 nervo
1190 1321 1386 1363 rennues

167 1405 177 1412 '
269 1415 395 1456 sasrs
412 1392 839 1458 Tauuuonrsuonrrs
861 1417 1074 1459 rsnrnsrn
1095 1417 1234 1488 Arous
1257 1419 1387 1460 ress·

269 1511 372 1553 nsur.
403 1491 643 1555 Cornnrnnr
673 1515 801 1556 neura
832 1514 880 1555 ac
911 1515 1071 1556 rennes
1101 1515 1284 1556 rnrnnsn
1317 1517 1385 1558 st·

269 1611 421 1651 nuans.
445 1589 509 1652 llic
531 1599 610 1652 ante
631 1590 742 1652 omnia
764 1589 1001 1653 Corssrnnr
1024 1588 1241 1653 scribendum
1265 1599 1321 1654 est
1345 1613 1385 1654 ex

269 1687 439 1750 constanti
459 1709 522 1750 usu
537 1686 704 1751 Lucretii.
726 1687 804 1751 vide
826 1687 941 1762 rv,814
963 1711 994 1762 v,
1006 1687 1063 1750 192
1078 1689 1140 1753 748
1155 1687 1217 1752 799
1236 1688 1318 1752 1238
1341 1712 1388 1761 vr,

269 1783 329 1847 375
348 1783 444 1847 1012.
461 1793 531 1848 tum
545 1807 781 1849 reurrsrus
796 1785 873 1849 Itali
889 1793 924 1848 et
937 1785 1112 1870 impressi.
1133 1784 1195 1850 sed
1210 1807 1283 1849 non
1297 1788 1386 1850 bene

270 1884 432 1948 Marullus
448 1893 482 1950 et
497 1887 600 1950 ceteri
620 1887 696 1949 Tam
710 1907 836 1970 mapnos
850 1888 958 1950 moritis
971 1895 1127 1970 tenpestas
1141 1895 1232 1970 atque
1245 1885 1387 1948 tenebrae

273 1983 468 2068 &oper-iant,
483 1986 585 2048 moria
600 2007 637 2046 cc
651 1995 748 2046 terras
762 1985 899 2068 impetun
908 2005 1056 2067 superne:
1069 2002 1146 2045 narn
1158 1989 1192 2045 et
1202 1992 1267 2044 tom
1277 1984 1386 2066 tmperi

270 2090 400 2146 montes
415 2083 563 2148 tenebris
575 2079 700 2146 obduci
710 2102 852 2166 prorsus
868 2082 982 2164 inepte
994 2078 1160 2154 dicuntur,
1175 2086 1210 2144 et
1221 2079 1385 2143 tenebrae

269 2181 372 2244 enoria
386 2205 424 2244 ac
437 2193 536 2245 terras
549 2183 703 2265 impensae
717 2180 800 2244 mira
822 2179 962 2252 clarano
985 2187 1056 2253 est,
1079 2178 1131 2242 eui
1151 2178 1294 2242 similem
1314 2200 1383 2242 non

270 2276 347 2346 tulit
367 2279 402 2342 in
417 2279 569 2344 Terentii
583 2277 787 2342 Phormione
802 2299 823 2352 1,
832 2279 861 2353 4,
875 2277 895 2340 2
910 2276 1103 2350 Bentleius‚
1124 2276 1182 2339 uhi
1204 2286 1280 2340 erat
1301 2289 1385 2341 meua

270 2399 318 2439 me
333 2378 505 2461 impendeat
524 2379 627 2442 molo.
649 2377 704 2440 hie
719 2375 867 2441 fortasse
881 2397 952 2440 non
965 2383 1077 2440 recte:
1100 2383 1192 2440 certe
1207 2376 1383 2440 confirmat

270 2474 352 2538 illud
369 2476 514 2540 Messius
529 2497 560 2560 p.
570 2477 631 2540 383
653 2477 687 2539 in
709 2475 881 2540 Frontone
899 2475 997 2550 nlaii,
1021 2482 1056 2538 et
1077 2474 1168 2559 apud
1189 2473 1328 2538 Festum
1350 2498 1381 2560 p.

274 2571 369 2644 161,6
386 2572 541 2657 leguntur
557 2575 658 2647 haec,
675 2575 728 2638 Me
738 2597 798 2658 pro
813 2573 889 2637 mibi
903 2574 1044 2638 dicebant
1057 2575 1191 2660 antiqui,
1211 2585 1245 2636 ut
1260 2611 1299 2622 -
1315 2575 1382 2638 Lu·

271 2669 358 2750 cilius
374 2671 468 2734 Nunc
484 2673 526 2733 cd
538 2682 565 2734 te
579 2675 687 2750 redeo,
710 2682 743 2734 ut
761 2694 840 2756 quoe
860 2695 909 2736 res
926 2695 973 2735 me
986 2672 1136 2757 impendet
1149 2683 1284 2758 epotum
1304 2673 1383 2736 item

271 2765 361 2850 apud
381 2765 574 2832 Lucretium
589 2793 610 2844 1,
620 2769 681 2833 326
696 2770 783 2848 Nec,
805 2791 892 2835 more
913 2793 993 2858 qrtoe
1013 2771 1193 2856 inpendent,
1214 2794 1301 2834 nereo
1318 2773 1382 2834 sab

270 2887 348 2927 roeo
359 2889 484 2951 pereso.
501 2876 535 2932 et
549 2867 615 2932 hoc
631 2867 675 2931 ad
691 2867 840 2932 Terentii
855 2891 990 2933 versum
1005 2891 1025 2932 a
1040 2867 1176 2933 Donato
1193 2867 1381 2932 adhibitum

270 2962 375 3028 fuisse
396 2987 437 3028 ex
460 2967 507 3030 cis
523 2975 668 3052 apparet
683 2987 769 3052 quae
783 2967 1055 3054 lindenbrogius
1071 2989 1102 3052 p.
1112 2965 1172 3030 647
1189 2985 1207 3027 e
1223 2965 1310 3030 libro
1326 2989 1381 3030 ve·

270 3071 342 3126 tere
357 3063 486 3140 adfert,
502 3076 533 3130 tu
547 3091 578 3131 ee
592 3067 702 3131 corsoli
715 3091 793 3130 roeo
800 3091 926 3151 pereso.
942 3075 1076 3130 veteres
1088 3063 1215 3128 dixisse
1226 3065 1382 3148 impendeo

173 3149 175 3157 ’
270 3173 296 3226 te
307 3161 490 3228 Diomedes
505 3164 611 3229 refert
621 3188 652 3250 p.
662 3166 740 3229 305.
756 3165 818 3230 sed
832 3167 868 3230 in
881 3173 1001 3230 nostro
1015 3185 1118 3228 versu
1131 3163 1180 3226 ita
1194 3165 1381 3228 orationem

271 3267 434 3323 structam
448 3261 600 3345 accipere
611 3261 830 3326 necesse'non
842 3271 911 3326 este
927 3262 1039 3346 aptius
1055 3261 1140 3324 enim
1154 3263 1259 3324 morio
1272 3286 1312 3326 oe
1325 3275 1380 3326 ter·

271 3381 325 3420 roe
340 3365 541 3442 tempestate
553 3369 587 3423 et
599 3361 748 3424 tenebris
761 3362 910 3446 cooperiri
921 3359 1097 3434 dicuntum
1113 3367 1148 3424 et
1158 3359 1243 3422 setis
1255 3369 1380 3424 certum

273 3461 340 3528 est,
352 3476 553 3542 quemquam
564 3479 606 3521 ne
614 3457 797 3522 Lambinus
807 3457 941 3543 quidem
951 3455 1050 3532 vidit,
1061 3459 1198 3541 impenso
1206 3455 1273 3520 dici
1282 3477 1382 3542 posse

273 3573 360 3636 quae
375 3553 586 3636 impendent.
603 3554 690 3619 dixit
704 3558 752 3620 ita
764 3557 894 3621 Seneca
907 3558 941 3620 in
954 3554 1100 3620 Hercule
1119 3555 1215 3628 1592,
1229 3557 1318 3621 renuo
1331 3557 1379 3622 do

271 3653 401 3716 initietur
416 3654 491 3716 outa
511 3653 571 3731 Qui
584 3665 670 3738 putet
682 3656 779 3719 solum
794 3657 884 3719 decio
898 3678 959 3718 cese
972 3656 1059 3738 reyni
1074 3653 1202 3738 Semper
1217 3657 1381 3740 impensum

271 3750 551 3837 tenuisseferrom,
574 3750 611 3816 id
626 3757 678 3814 est
689 3753 828 3836 plodium
843 3763 941 3816 tenere
954 3753 1191 3839 inpendentem.
1215 3762 1332 3817 cetera
1348 3754 1380 3816 in

271 3858 390 3936 aperto
407 3859 520 3926 erunt,
536 3851 565 3914 si
580 3849 765 3913 scribemus
785 3851 859 3914 Tam
875 3851 993 3935 mopnir
1008 3871 1171 3913 rrunrs.

353 3949 422 4012 492.
439 3973 510 4013 ren
533 3971 685 4014 navins
708 3946 1380 4013 arrrrnnrs.PeroaunrsMarullns.

269 4044 304 4105 in
327 4043 399 4129 lege
416 4045 572 4110 Cornelia
594 4046 635 4111 de
658 4070 703 4110 xx
725 4047 962 4132 quaestoribus
984 4046 1060 4121 2,41
1084 4069 1214 4133 ortorum
1234 4035 1380 4110 oiotonms

265 4165 455 4226 praeconum
477 4144 601 4208 cornino
622 4146 652 4208 in
677 4147 719 4209 eis
740 4146 887 4210 decurieis
902 4146 945 4209 ud
957 4146 1062 4209 aedem
1078 4144 1208 4208 Saturni
1222 4147 1381 4230 inperiale

270 4243 353 4305 intro
367 4243 469 4304 corios
480 4265 630 4326 proxumo
644 4255 712 4307 crete
726 4243 805 4307 botre
820 4245 912 4329 lepem
923 4291 1015 4309 ......
1032 4244 1079 4307 ita
1094 4241 1308 4328 Giittlingus‚
1331 4239 1380 4306 Si-

271 4339 391 4424 gonius
405 4341 486 4402 intro
499 4363 622 4404 caveus:
635 4341 814 4428 legendum
830 4344 953 4406 caulos.
971 4339 1144 4405 Charisius
1159 4364 1191 4426 p.
1201 4339 1260 4404 211
1273 4389 1282 4414 ,
1296 4341 1382 4404 inter

273 4437 425 4523 exempla
439 4440 745 4523 praepositionum,
762 4442 845 4504 intro
861 4441 984 4504 caulos.
1007 4437 1099 4524 apud
1114 4438 1325 4504 Macrobium
1341 4437 1381 4502 de
