2970 5268
627 461 661 533 V

70 649 153 724 atque
168 640 238 704 alia
253 639 356 704 illius
371 639 520 724 reparari
534 641 568 704 in
583 647 680 725 parte
695 641 854 728 locoque,

69 753 225 818 difficilest
240 755 388 819 ratione
404 753 526 818 docere
542 763 576 818 et
590 755 725 818 vincere
738 757 863 830 verbis,

68 867 168 932 ordine
185 890 273 932 cum
291 869 430 954 possint
443 879 512 934 tam
527 879 620 934 certo
634 868 739 933 multa
752 871 872 934 creari.

66 983 82 1043 it
95 1004 148 1046 rer
164 992 202 1048 et
219 983 373 1058 Venus,
387 991 421 1048 et
433 983 523 1048 reris
538 983 755 1069 praenuntius
769 993 847 1049 ante

66 1105 223 1181 pennatus
240 1097 408 1184 graditur
422 1098 607 1185 zephyrus,
620 1099 762 1184 vestigia
775 1110 915 1185 propter

66 1209 154 1275 Flora·
167 1215 314 1298 quibus
328 1221 433 1277 mater
447 1233 693 1300 praespargens
709 1221 787 1278 ante
801 1214 866 1276 viai

32 1339 43 1380 ἐ
66 1335 174 1390 cuncta
190 1327 382 1392 coloribus
398 1329 538 1414 egregiis
554 1337 589 1393 et
603 1327 765 1392 odoribus
781 1329 911 1414 opplet.

65 1438 130 1503 inde
144 1441 217 1504 loci
234 1443 400 1526 sequitur
415 1443 507 1506 calor
522 1442 636 1506 aridus
653 1453 687 1508 et
702 1464 813 1508 comcs
829 1465 896 1524 una

66 1555 309 1636 pulverulenta
324 1556 425 1621 Ceres
441 1567 475 1620 et
490 1559 594 1622 etesia
608 1557 713 1622 flabra
726 1559 931 1642 aquilonum.

68 1667 133 1732 inde
149 1679 349 1735 autumnus
364 1669 452 1748 adit,
465 1673 618 1759 graditur
633 1674 729 1738 simul
743 1673 871 1736 Euhius
885 1673 996 1737 Euan.

67 1781 133 1846 inde
149 1785 242 1850 aliae
260 1795 486 1872 tempestates
501 1789 658 1873 ventique
674 1796 848 1864 secuntur,

32 1905 52 1950 't
68 1896 246 1964 altitonans
263 1901 457 1966 Volturnus
472 1901 506 1968 et
521 1911 633 1968 auster
648 1902 783 1967 fuhnine
797 1903 941 1989 pollens.

68 2012 195 2078 tandem
211 2017 345 2080 bruma
358 2017 452 2082 nives
467 2015 578 2082 adfert
593 2019 790 2105 pigrumque
804 2018 962 2104 rigorem,

71 2127 176 2208 prodit
190 2130 351 2218 hiemps,
362 2133 513 2216 sequitur
528 2134 695 2219 crepitans
711 2132 798 2196 hanc
814 2133 972 2198 dentibus
987 2134 1096 2220 algor.

73 2260 130 2322 quo
143 2244 263 2309 minus
283 2253 336 2310 est
349 2246 483 2322 mirum,
495 2247 523 2311 si
539 2254 632 2312 certo
647 2255 798 2350 tempore
813 2248 892 2312 luna

72 2353 212 2439 gignitur
229 2367 270 2424 et
287 2367 380 2424 certo
396 2358 527 2426 deletur
541 2371 693 2448 tempore
707 2385 820 2439 rusus,

35 2473 59 2520 :o
75 2487 138 2533 cunr
151 2472 228 2537 lieri
244 2475 382 2562 possint
396 2483 463 2540 tarn
479 2485 573 2541 certo
589 2488 740 2564 tempore
753 2478 872 2542 multa.

108 2585 221 2652 Solis
212 2598 299 2654 rtem
315 2611 467 2675 quoque
464 2589 616 2657 desectus
631 2594 857 2680 lunaequet
811 2594 857 2658 lat
859 2595 956 2659 ebrae

77 2696 221 2780 pluribus
239 2726 259 2768 e
277 2705 470 2769 causis'fieri
486 2705 544 2771 tibi
560 2729 661 2792 posse
677 2708 910 2796 putandumst.

76 2831 142 2876 uam
157 2837 220 2880 eur
237 2819 320 2882 luna
335 2830 438 2905 queat
451 2829 575 2885 terram
589 2823 764 2886 secludere
779 2824 859 2886 solis

77 2922 189 2994 lumine
206 2941 244 2999 ct
261 2936 393 3000 aterris
408 2935 510 3000 altum
525 2945 626 3021 caput
640 2937 816 3000 obstruere
832 2937 876 3010 ei,

37 3043 63 3090 ut
80 3039 219 3113 obiciens
235 3071 373 3114 caccum
387 3048 490 3114 radiis
506 3049 701 3113 ardentibus
717 3049 848 3124 orbem3

80 3160 223 3246 tempore
241 3163 362 3230 eodem
376 3165 458 3229 aliut
471 3164 582 3228 facere
596 3163 631 3226 id
646 3184 714 3228 non
729 3183 830 3249 posse
846 3169 983 3248 putetur

82 3287 195 3360 eorpus
206 3330 214 3356 ,
226 3279 321 3366 quod
337 3299 468 3365 cassum
482 3279 616 3342 labatur
630 3278 752 3342 lumine
767 3277 920 3363 semper?

81 3385 190 3473 solque
206 3413 292 3459 snos
306 3395 404 3458 etiam
420 3393 585 3460 dimittere
599 3391 777 3481 languidus
790 3392 876 3477 ignis

86 3505 228 3590 tempore
246 3531 305 3573 cur
320 3516 414 3572 certo
429 3516 591 3595 nequeat,
603 3493 823 3594 recreareque
838 3508 961 3584 lumen,

39 3612 69 3663 ’66
85 3621 242 3689 conloca
256 3623 427 3712 praeteriit
441 3623 579 3688 flammis
593 3623 715 3688 infesta
728 3645 789 3710 per
803 3645 918 3698 auras,

87 3747 162 3810 quae
176 3737 307 3804 faciunt
320 3739 405 3824 ignis
420 3738 630 3823 interstingui
644 3747 746 3823 atque
760 3737 895 3825 perire?

89 3851 117 3906 et
129 3869 185 3916 cur
200 3863 293 3919 terra
308 3860 410 3939 queat
424 3853 534 3916 lunam
549 3852 693 3937 spoliare
707 3849 850 3916 vicissim

88 3954 198 4032 lumine
215 3977 250 4034 et
263 3989 462 4056 oppressum
477 3966 582 4031 solem
598 3987 699 4049 super
712 3967 786 4051 ipsa
799 3975 929 4041 tencre,

17 4310 20 4376 s
95 4273 136 4326 736
154 4285 258 4350 possint
276 4291 410 4340 marom.
440 4286 450 4356 77
481 4292 530 4340 737
551 4285 657 4338 veneris
685 4284 695 4354 77
722 4289 772 4336 738
792 4283 901 4354 zephyri
920 4282 930 4356 77
951 4291 999 4338 742
1019 4284 1183 4337 Pulvcrunta
1200 4283 1211 4352 77

17 4381 52 4433 l
94 4363 260 4484 zimaram.
287 4368 298 4436 77
325 4377 372 4422 747
393 4369 474 4424 Redit
492 4371 502 4440 77
521 4369 652 4424 creditans
658 4367 681 4462 77
702 4367 768 4438 olgi.
795 4366 805 4435 77
832 4373 881 4421 750
900 4367 955 4422 sscri
981 4369 990 4438 77
1010 4373 1058 4420 753
1077 4367 1180 4436 possis.
1200 4366 1210 4434 77

19 4438 21 4494 7
98 4440 138 4493 756
157 4451 246 4505 eodem
264 4454 275 4520 77
294 4457 340 4506 761
361 4455 453 4523 periri.
