2946 5188
260 457 305 526 70
807 459 838 526 ll

184 649 234 696 909
257 631 439 696 visceribus
455 631 566 696 nervis
581 632 692 706 venis,
705 652 791 716 qnae
805 639 927 695 cuneta
942 629 1091 694 videmus

257 746 368 810 mollia
381 745 511 810 mortali
526 744 710 810 consistere
724 765 867 831 corpore
881 753 989 810 oreta.

258 859 319 924 sed
335 867 444 924 tamen
460 869 533 924 esto
547 861 612 924 inm
626 881 727 946 posse
742 860 826 924 haee
840 867 977 924 aeterna
991 880 1139 925 manere:

259 995 376 1061 nempe
391 983 500 1039 tamen
516 973 640 1040 debent
653 982 711 1038 aut
725 995 858 1039 sensum
871 975 977 1062 partis
992 973 1117 1040 habere

188 1133 199 1144 .
259 1095 316 1153 aut
330 1088 424 1153 simili
439 1090 517 1154 totis
532 1089 727 1154 animalibus
743 1110 816 1154 esse
829 1091 957 1175 putari.

188 1218 236 1265 910
259 1211 294 1267 at
307 1212 476 1288 nequeant
489 1225 551 1290 per
565 1225 601 1268 se
616 1213 730 1291 partes
745 1203 869 1268 sentire
883 1222 1020 1268 neeesse
1035 1211 1103 1267 est:

259 1338 402 1403 namque
417 1319 482 1383 alio
498 1341 616 1384 sensus
630 1320 853 1384 membrorum
866 1317 1006 1404 respicit
1020 1318 1142 1383 omnis.

258 1452 320 1494 neo
335 1453 450 1496 monus
466 1453 486 1496 a
500 1433 596 1497 nobis
612 1434 700 1520 potis
716 1442 769 1497 est
782 1441 914 1498 secreta
926 1453 1036 1516 neque
1050 1431 1119 1496 ulla

260 1546 413 1630 eorporis
428 1547 561 1610 omnino
577 1567 709 1610 sensum
725 1568 804 1633 pars
819 1546 893 1611 sola
907 1555 1036 1611 tenere.

260 1658 420 1746 linquitur
435 1669 472 1724 nt
486 1661 565 1725 totis
581 1661 802 1726 animantibus
817 1659 1070 1731 adsimmentur.

188 1771 237 1832 915'
258 1773 350 1837 vitali
365 1781 403 1838 ut
417 1775 548 1859 possint
563 1777 751 1840 consentire
766 1775 915 1860 undique
930 1795 1044 1839 sensu.

188 1900 237 1946 923
259 1885 308 1949 sio
321 1886 436 1950 itidem
451 1909 537 1973 quae
551 1891 712 1955 sentimus
727 1889 852 1954 sentire
867 1899 1054 1954 necessest:

189 2015 239 2060 910
262 2000 318 2083 qni
332 2008 491 2085 poterunt
504 2003 605 2090 igitur
618 2027 729 2069 rerum
744 2003 927 2091 primordia
941 2002 1006 2068 diei

263 2121 298 2178 et
311 2113 367 2177 leti
381 2114 487 2180 nitore
502 2119 573 2182 vias
583 2167 590 2193 ‚
602 2119 755 2184 animalia
767 2140 844 2183 oum
859 2119 941 2185 sint,

261 2225 373 2312 adque
388 2231 539 2296 animalia
553 2234 619 2297 sint
633 2233 828 2297 mortalibus
843 2253 910 2297 una
926 2230 1133 2317 eademque?

262 2341 354 2426 quod
370 2350 480 2407 tamen
494 2354 531 2409 ut
544 2347 691 2431 possint,
703 2355 740 2410 at
753 2355 852 2412 coetu
868 2346 1075 2431 concilioque

190 2470 239 2517 990
259 2455 305 2518 nil
319 2455 442 2521 facient
456 2469 589 2544 praeter
602 2460 736 2544 volgum
752 2461 950 2544 turbamque
966 2459 1181 2533 animantum,

260 2569 404 2645 scilieet,
416 2579 454 2635 ut
468 2580 638 2656 nequeunt
652 2573 803 2636 homines
818 2581 969 2638 armenta
982 2573 1140 2659 feraeque

262 2683 349 2746 inter
363 2703 437 2746 sese
453 2683 553 2748 ullam
567 2705 636 2748 rem
651 2687 787 2772 gignere
803 2686 1051 2752 conveniundo.

191 2789 240 2857 991
262 2794 355 2881 qnod
370 2795 398 2872 si
412 2795 500 2860 forte
515 2819 610 2862 snum
625 2797 796 2864 dimittunt
810 2821 953 2885 corpore
967 2822 1100 2866 sensum

264 2916 364 2995 atque
378 2910 477 2974 alium
492 2913 643 2998 capiunt,
656 2914 737 3000 quid
752 2935 838 3001 opus
852 2913 915 2980 fnit
928 2914 1074 2980 adtribui
1087 2916 1123 2981 id
1139 2917 1231 3003 quod

264 3021 475 3089 detrahitur?
486 3035 554 3092 tum
568 3036 760 3114 praeterea,
772 3029 865 3116 quod
878 3029 1020 3114 fugimus
1035 3039 1128 3106 ante,

263 3161 331 3224 qua
344 3148 442 3204 tenus
457 3140 491 3203 in
505 3141 614 3225 pullos
630 3144 778 3210 animalis
792 3143 916 3208 vertier
931 3165 996 3208 ova

265 3253 427 3317 cernimus
443 3254 578 3348 alituum
589 3305 596 3329 ‚
607 3259 795 3341 vermisque
811 3258 969 3321 effervere
979 3305 986 3333 ,
998 3266 1120 3322 terram

261 3364 515 3452 intempestivos
531 3389 631 3453 quom
647 3377 748 3453 putor
763 3370 853 3453 oepit
867 3371 911 3434 ob
927 3371 1057 3448 imbris,

191 3493 240 3540 990
263 3479 348 3542 seire
362 3479 441 3544 lieet
454 3480 543 3565 gigni
559 3501 659 3566 posse
675 3503 717 3545 ex
733 3501 801 3545 non
815 3484 959 3550 sensibn'
973 3507 1106 3551 sensus.

306 3590 406 3671 Quod
420 3593 448 3656 si
462 3592 550 3656 forte
565 3594 682 3679 aliquis
699 3593 804 3670 dicet,
816 3595 894 3662 dnm
908 3607 1020 3676 taxat,
1032 3600 1111 3665 oriri

263 3727 364 3790 posse
380 3727 503 3794 exnon
519 3709 619 3770 sensu
635 3729 753 3772 sensus
768 3711 1001 3790 mutabilitate,

264 3827 322 3883 ant
336 3819 447 3905 aliquo
462 3827 629 3904 tamqnam
644 3831 743 3908 partu
757 3825 850 3910 quod
864 3828 1017 3912 protinus
1033 3835 1164 3902 extent,

259 3931 336 3996 hnic
352 3933 432 3996 satis
446 3933 528 3997 illud
543 3937 605 4000 erit
619 3937 752 4021 planum
766 3937 878 4005 faeere
891 3949 993 4026 atque
1008 3943 1167 4029 probare,

265 4249 314 4293 905
333 4261 445 4313 cumque
469 4245 479 4316 l}
503 4253 552 4300 909
570 4250 663 4303 similis
686 4251 696 4317 ΙΙ
720 4257 769 4303 910
788 4251 845 4303 Aut
863 4253 874 4318 ΙΙ
893 4257 940 4301 911
960 4251 1027 4303 ulios
1046 4253 1057 4320 ll
1076 4253 1178 4323 respuit
1195 4253 1206 4322 ΙΙ
1225 4259 1275 4306 918
1293 4257 1391 4309 animn-

265 4323 334 4377 libus
347 4325 502 4382 mortalibus
521 4329 532 4396 ΙΙ
550 4334 600 4382 919
613 4333 741 4384 obeoretu
759 4333 770 4400 11
788 4337 836 4383 921
851 4339 983 4401 nequeant
1001 4335 1011 4401 ΙΙ
1031 4340 1080 4388 ets
1093 4335 1184 4390 alitum
1203 4337 1214 4404 ΙΙ
1232 4337 1366 4393 offervere
1382 4339 1392 4405 ll

266 4410 315 4458 929
335 4405 539 4480 Intempestivos
558 4428 635 4480 quam
655 4413 665 4480 ll
684 4419 732 4466 992
752 4415 810 4482 eall
829 4419 878 4466 999
897 4415 1031 4484 proditum
1049 4425 1137 4472 extra.
1156 4418 1235 4484 11991
1255 4419 1326 4475 lenio
