3034 5204
616 507 619 512 ¹
677 425 728 494 vr

132 617 213 662 nam
228 597 441 684 quicumque
456 619 536 662 suos
550 595 739 684 fugitabant
752 599 861 664 visere
876 597 921 662 ad
936 619 1071 685 aegros,

132 712 217 778 vitai
231 711 365 776 nimium
380 711 520 800 cupidos
536 712 719 797 mortisque
735 713 878 777 timentis

41 844 115 891 1240
131 826 295 913 poenibat
308 826 409 913 paulo
424 835 503 912 post
516 825 606 912 turpi
620 834 728 890 morte
742 827 911 914 malaque,

134 940 307 1016 desertos,
319 940 393 1026 opis
409 941 555 1027 expertis
565 990 573 1016 ‚
583 941 712 1005 incuria
725 950 892 1040 mactans.

134 1037 194 1142 qui
206 1054 341 1119 fuerant
355 1063 465 1120 autem
478 1063 633 1141 praesto,
645 1055 841 1140 contagibus
855 1055 950 1121 ibant
1029 1030 1034 1044 ⁰

135 1178 239 1256 atque
254 1169 386 1246 labore,
398 1168 510 1255 pudor
523 1191 622 1255 quem
637 1178 706 1234 tum
722 1170 864 1255 cogebat
878 1171 971 1235 obire

134 1283 327 1369 blandaque
341 1284 506 1348 lassorum
519 1306 588 1348 vox
603 1284 707 1348 mixta
720 1305 804 1348 voce
819 1284 1004 1368 querellae.

43 1415 118 1464 1215
135 1399 279 1484 optimus
294 1398 362 1462 hoc
375 1397 432 1462 leti
446 1418 552 1483 genus
568 1419 648 1484 ergo
664 1399 805 1484 quisque
820 1398 970 1463 subibat.

43 1531 118 1578 1225
134 1512 328 1577 incomitata
341 1513 415 1599 rapi
430 1513 612 1576 cernebant
625 1511 743 1577 funera
757 1519 869 1587 vasta,

46 1645 119 1692 1241
137 1625 239 1710 inque
254 1626 325 1691 aliis
340 1627 438 1691 alium
452 1626 612 1712 populum
627 1627 767 1714 sepelire
782 1647 918 1691 suorum

138 1747 323 1806 certantes:
335 1740 478 1805 lacrimis
491 1740 571 1804 lassi
585 1742 744 1826 luctuque
758 1739 929 1805 redibant:

137 1853 217 1918 inde
231 1856 354 1920 bonam
367 1863 497 1940 partem
511 1855 546 1919 in
560 1855 681 1920 lectum
695 1876 846 1920 maerore
861 1854 1042 1920 dabantur.

46 1987 119 2034 1250
135 1990 198 2034 155
212 1977 346 2056 poterat
361 1969 534 2056 quisquam
549 1969 705 2055 reperiri;
718 1990 816 2054 quem
831 1991 941 2055 neque
954 1972 1092 2036 morbus

139 2105 203 2148 nec
216 2105 307 2149 mors
322 2105 384 2148 nec
398 2084 509 2149 luctus
524 2091 706 2169 temptaret
719 2091 870 2168 tempore
886 2085 977 2150 talei.

178 2197 358 2264 Praeterea
370 2198 436 2262 iam
450 2206 568 2284 pastor
583 2206 617 2262 et
631 2197 850 2262 armentarius
865 2199 972 2262 omnis

138 2320 172 2377 et
185 2313 344 2378 robustus
358 2314 438 2378 item
452 2312 545 2376 curvi
558 2310 752 2376 moderator
767 2309 869 2374 aratri

136 2427 333 2513 languebat,
345 2428 547 2513 penitusque
562 2446 643 2490 casa
656 2433 814 2490 contrusa
828 2425 982 2489 iacebant

48 2558 120 2606 1255
136 2561 280 2628 corpora
295 2548 492 2630 paupertate
508 2548 542 2605 et
555 2541 672 2605 morbo
688 2537 802 2604 dedita
816 2539 933 2603 morti.

138 2657 296 2720 exanimis
309 2656 422 2744 pueris
438 2675 540 2743 super
555 2655 741 2720 exanimata
754 2660 932 2739 parentum

136 2791 281 2855 corpora
295 2792 362 2835 non
377 2791 557 2856 numquam
571 2790 689 2857 posses
703 2777 863 2853 retroque
877 2767 993 2833 videre

135 2883 296 2948 matribus
312 2892 345 2948 et
359 2884 511 2969 patribus
525 2892 625 2949 natos
641 2905 741 2969 super
757 2881 857 2946 edere
872 2882 988 2948 vitam.

136 3019 199 3062 155
212 2999 377 3062 minimam
391 3007 520 3083 partem
536 3020 578 3063 ex
592 2998 680 3083 agris
694 2997 854 3060 maeroris
869 2997 903 3061 11
916 2997 1033 3061 urbem

52 3128 121 3176 1250
136 3111 297 3176 confluxit
311 3112 420 3187 labes,
433 3133 530 3197 quem
545 3111 687 3174 co'ntulit
701 3110 920 3196 agricolarum

138 3227 235 3312 copia
250 3225 452 3292 conveniens
468 3246 510 3290 ex
525 3225 614 3289 omni
627 3223 779 3289 morbida
793 3225 915 3310 partes

137 3341 247 3404 omnia
261 3339 465 3426 conplebant
478 3340 553 3404 1055
568 3348 723 3425 tectaque
733 3363 741 3418 ;
753 3360 820 3425 quo
835 3339 940 3425 magia
956 3348 1032 3404 astu

137 3453 307 3520 confertos
322 3455 369 3518 ita
384 3454 565 3520 acervatim
577 3475 669 3518 mors
684 3453 928 3519 accumulabat.

136 3569 239 3633 multa
254 3568 309 3632 siti
323 3576 497 3654 protracta
511 3569 595 3633 viam
610 3591 672 3654 per
684 3589 816 3654 proque
830 3570 946 3634 voluta

53 3699 120 3746 1205
136 3704 280 3769 corpora
294 3683 418 3747 silanos
434 3681 478 3747 ad
492 3703 654 3767 aquarum
668 3690 774 3747 511515
787 3684 943 3747 iacebant

135 3796 315 3863 interclusa
329 3796 436 3862 anima
450 3796 548 3860 nimia
563 3797 605 3860 ab
621 3795 798 3861 dulcedine
812 3817 989 3881 aquarum,

134 3911 304 3998 multaque
319 3933 380 3998 per
395 3911 511 3999 populi
526 3911 650 3997 passim
663 3911 739 3976 loca
754 3915 910 3997 prompta
924 3909 1063 3996 viasque

139 4230 205 4278 12³8
223 4233 313 4279 515515
339 4223 350 4296 ll
380 4232 444 4280 1240
464 4225 598 4279 Poenibus
616 4233 643 4280 51
667 4224 677 4296 ΙΙ
707 4222 1264 4294 1211110115111221551151511111210

136 4308 233 4361 iactum
260 4305 272 4378 ΙΙ
301 4314 365 4362 1250
383 4309 491 4364 morbo.
518 4307 529 4377 ΙΙ
558 4314 620 4362 1251
641 4307 705 4362 tale.
731 4309 741 4378 ΙΙ
771 4305 982 4378 12601anguens
1001 4307 1011 4378 ΙΙ
1033 4303 1262 4373 126111011111511

138 4395 203 4445 1262
222 4390 381 4448 condiebant
399 4389 409 4462 Π
427 4401 532 4447 aestus.
552 4394 562 4463 ΙΙ
582 4397 646 4445 1264
665 4397 799 4462 prostrata
817 4387 827 4460 11
848 4395 911 4442 12111
930 4389 1067 4444 tacebant.
