2990 5202
618 487 667 554 IV
1126 493 1196 560 225

161 653 242 728 179.
264 659 307 724 Iu
331 683 436 736 Quau
458 682 646 746 opusque
674 683 806 725 socom
837 685 1013 728 niveaso
1042 688 1198 736 auarus

38 779 42 790 ¹
85 781 188 824 reso
199 782 210 822 1
220 783 240 822 r
250 807 258 835 ,
270 779 333 824 neo
344 779 480 824 sensum
490 758 574 822 lacit
585 779 648 822 neo
663 765 797 822 ceterae
811 762 957 824 orationi
971 763 1114 828 innexus
1130 774 1197 842 est,

84 879 170 942 quae
185 860 219 922 iu
232 859 408 924 simulacris
422 857 585 931 vertitur,
609 877 684 920 oum
699 855 754 919 hio
775 858 939 942 imoyiaem
960 859 1138 946 loquatur.
1161 872 1197 927 at

84 957 195 1021 omnia
215 955 317 1040 plana
329 955 434 1028 fient,
456 962 496 1019 ut
516 954 608 1018 nullo
630 955 818 1038 interprete
839 955 1036 1042 indigeant,
1059 959 1087 1023 si
1109 960 1196 1024 haee

85 1054 357 1118 coniunxerimus
371 1099 379 1128 ‚
403 1053 540 1132 Quaem
555 1054 703 1139 quatitales
711 1075 792 1138 pars
804 1055 844 1116 sit
854 1055 956 1138 imopo
970 1057 1071 1120 dicere
1084 1070 1198 1123 sanast

87 1151 271 1236 (irripuerit,
282 1173 378 1237 aeque
393 1173 461 1214 eam
474 1152 622 1214 rationem
636 1151 763 1214 reddere
777 1151 884 1230 dietis,
902 1152 941 1215 Iu
955 1175 1044 1238 quera
1058 1178 1196 1242 quaeque

82 1249 179 1314 Iouem
194 1249 310 1312 diuerso
324 1270 484 1312 maurus
500 1269 633 1311 rauna
644 1271 681 1310 r.
696 1268 774 1310 nam
786 1248 1000 1312 coniunctivo
1017 1271 1103 1335 opus
1119 1275 1195 1316 esse
1292 1267 1295 1274 '

83 1353 197 1430 patet,
213 1347 392 1410 etmarias
406 1343 623 1410 scribendum
639 1365 713 1409 esse
728 1343 893 1410 Marullus
908 1345 1011 1410 vidit.
1175 1349 1182 1362 ¹

165 1444 235 1508 178.
250 1465 298 1507 ur
321 1463 468 1506 saevis
489 1463 596 1506 eoas
617 1464 818 1506 rsaurua.
834 1441 926 1507 Idem
938 1443 1103 1511 Marullus
1115 1468 1195 1513 vere

82 1550 115 1606 et
130 1542 252 1606 Latine
266 1541 344 1606 bora
358 1562 560 1604 ranarum.
702 1540 705 1552 '

164 1639 236 1704 182.
252 1660 493 1702 assuerus.
509 1636 705 1717 Quadratus
716 1637 842 1702 aetherii
852 1637 936 1702 :sed
950 1637 1038 1702 idem
1055 1640 1195 1708 aetheriis

80 1758 180 1802 versu
196 1736 275 1800 911.
976 1791 978 1796 ,

163 1834 235 1899 190.
257 1833 315 1896 Er
345 1855 470 1910 qUAsl
503 1854 687 1898 raoraao
721 1853 980 1897 semermos
1009 1856 1192 1901 euroeae

79 1955 256 1998 ruuoua.
278 1931 435 2017 Impressi
455 1933 629 1996 stimulatur
640 1930 771 2017 fulyare
784 1929 923 2016 falpar5
938 1932 1032 2016 quod
1053 1935 1104 1998 uti
1124 1956 1192 1999 uon

79 2031 258 2116 improbo,
280 2030 329 2093 ita
349 2029 490 2094 alterum
513 2027 700 2112 elegantius
722 2026 931 2102 essedum,
953 2050 1021 2112 quo
1043 2032 1194 2096 suaviter

80 2130 231 2193 variatur
246 2125 410 2190 orationis
424 2125 552 2188 forma:
566 2145 644 2188 nam
658 2124 687 2187 si
702 2123 879 2190 scribimus
884 2123 1032 2210 fulmen,
1047 2128 1103 2192 hio
1117 2151 1193 2192 ver·

80 2248 136 2290 sus
152 2248 173 2290 a
188 2211 364 2309 superiore
378 2219 463 2284 nihil
477 2219 608 2285 differt.

161 2323 234 2385 203.
255 2319 420 2394 Paeona
444 2339 602 2380 vousau
625 2338 731 2380 usae
758 2339 807 2380 so
834 2339 987 2382 renuas
1011 2343 1192 2386 curruu-

79 2442 154 2497 Qua
176 2439 352 2481 musra.
375 2414 548 2480 Habemus
569 2413 625 2478 hio
645 2414 721 2479 illas
743 2422 814 2479 tres
833 2415 956 2480 mundi
968 2427 1086 2502 partes
1108 2413 1193 2504 quas

78 2517 192 2582 faeere
206 2513 384 2578 Lueretius
400 2510 507 2587 solet,
520 2535 607 2576 mare
616 2559 626 2590 ,
640 2522 757 2585 mnas,
773 2513 913 2602 caelum.
936 2514 1017 2598 quid
1040 2517 1142 2602 igitur
1163 2519 1193 2584 is

78 2635 198 2680 versus
215 2612 271 2697 qui
286 2610 378 2674 huno
391 2607 568 2695 praeeedit
583 2608 709 2684 eflicit,
732 2629 799 2693 quo
818 2603 1019 2694 corpuscula
1034 2613 1194 2680 dicuntur

79 2713 140 2776 Per
162 2722 254 2776 mlum
277 2709 355 2773 coeli
375 2708 507 2793 potam
528 2706 698 2795 deffendere
719 2705 811 2770 sese?
833 2705 968 2773 foedum
991 2712 1108 2776 vitium
1129 2733 1192 2779 neo

78 2807 255 2874 ferendum
270 2805 455 2872 delebimus
471 2803 651 2870 scribendo
676 2825 913 2881 craouuoua
936 2809 1062 2893 ripere,
1083 2809 1120 2874 id
1140 2821 1192 2876 est

79 2907 249 2992 undique.
271 2912 419 2970 osterum
434 2924 504 2967 non
519 2903 602 2966 satis
616 2901 831 2966 memorabile
847 2911 900 2967 est
914 2905 1117 2988 quadratum
1133 2906 1193 2971 ha-

78 3007 158 3070 bere
180 3003 346 3088 deseruere
366 3025 452 3078 sese,
475 3009 510 3062 et
532 2999 714 3082 oblongum
735 2999 843 3081 prima
865 3019 987 3075 manu,
1010 3002 1038 3064 si
1059 3001 1193 3068 litteras

79 3123 194 3168 erasas
209 3106 304 3164 reete
317 3096 496 3182 perspexi,
512 3095 696 3183 diffunderes
709 3119 786 3160 esse.

165 3196 235 3262 195.
257 3193 372 3274 Quoo
401 3215 525 3258 surra
552 3215 648 3267 asr,
675 3215 743 3256 aar
773 3199 1052 3257 rau-vorticum
1074 3217 1193 3260 savr-

76 3319 125 3362 ra
136 3317 185 3360 ra
207 3313 423 3356 sessuros
439 3338 447 3354 .
474 3290 574 3354 Hunc
588 3309 723 3354 versum
738 3311 813 3354 oum
827 3288 904 3354 loeo
920 3290 1029 3356 alieno
1044 3293 1193 3376 positum

77 3391 244 3460 Marullus
264 3397 356 3455 reete
378 3387 542 3464 vidisset,
564 3387 679 3452 neseio
696 3409 763 3473 quo
779 3409 895 3452 errore
911 3372 1044 3453 traiecit
1058 3399 1139 3474 post
1153 3411 1193 3456 ea

79 3513 165 3578 quae
192 3488 296 3554 modo
326 3487 569 3562 tractavimus,
592 3487 768 3572 caelu-mque
788 3487 914 3572 ripere,
936 3486 985 3551 ita
1010 3488 1192 3575 seriptum,

83 3591 170 3670 Qrsod
180 3597 333 3674 superest,
344 3586 396 3649 ubi
411 3595 472 3648 tam
485 3585 601 3650 volueri
615 3583 691 3648 liaeo
705 3583 990 3669 &simassi-untur.
1005 3585 1190 3651 Lambinus

81 3709 229 3754 errorem
244 3685 338 3748 auxit
352 3682 532 3748 scribendo
553 3683 643 3762 Qrsod
653 3693 810 3768 summast.
824 3681 991 3746 Marullus
1005 3682 1141 3748 videtur
1155 3685 1192 3749 id

80 3786 225 3850 voluisse
248 3781 341 3869 quod
363 3801 480 3846 verum
503 3787 580 3844 est.
605 3781 688 3860 Quid
708 3803 786 3866 qliae
805 3791 876 3845 sual
894 3781 988 3864 ipius
1009 3775 1073 3844 iam
1081 3784 1191 3866 prima

73 3882 175 3969 semele
190 3892 308 3969 parata
328 3878 344 3943 l
375 3878 449 3944 Οιιιη
477 3879 632 3942 iaciamus·
651 3888 679 3940 et
697 3879 838 3942 anisam
856 3899 906 3940 res
929 3877 1016 3940 nulla
1036 3890 1191 3959 moratur,

81 3979 180 4060 Quod
194 3999 297 4064 super
312 3983 384 4054 est,
403 3977 456 4040 abi
470 3987 532 4040 tarn
545 3975 663 4038 volueri
676 3975 963 4061 leuitateseruutur‚
977 3971 1094 4052 Quone
1108 3978 1191 4040 uides

81 4079 164 4142 cilius
183 4077 290 4141 debere
310 4085 339 4138 et
356 4074 475 4160 loupiac-s
496 4069 574 4136 ire?
595 4069 684 4135 solet
705 4073 754 4134 ita
774 4075 876 4154 poeta
896 4071 979 4157 quod
990 4095 1081 4157 asper
1096 4085 1139 4138 est
1155 4075 1191 4138 in

81 4174 222 4258 apodosi
238 4191 390 4258 ponere,
411 4179 450 4236 ut
463 4170 498 4234 in
513 4191 548 4249 11,
563 4168 604 4232 39
618 4168 678 4232 491
700 4189 731 4242 v,
744 4167 783 4231 61
806 4190 849 4242 vr,
864 4165 944 4232 1000
958 4191 967 4246 ;
990 4169 1042 4232 oui
1057 4191 1120 4254 par
1136 4178 1189 4234 est

81 4293 149 4356 erqo
162 4278 243 4357 post
256 4271 401 4356 quosaam
414 4269 449 4331 in
464 4290 486 4344 1,
495 4266 556 4332 526
572 4274 607 4332 et
620 4288 651 4346 v,
659 4264 721 4330 260
733 4313 740 4341 ,
762 4288 832 4350 erqo
846 4273 927 4349 post
942 4288 1010 4330 acm
1024 4265 1117 4351 apud
1129 4267 1188 4329 Vi-

81 4369 224 4442 truvium
245 4365 410 4446 v111‚3‚26
430 4415 437 4429 .
467 4367 516 4430 ita
537 4367 620 4452 qssod
637 4388 728 4451 asper
749 4373 792 4428 est
812 4362 1012 4448 Propertius
1032 4362 1188 4444 1v,21‚21

83 4464 199 4531 Deinde
214 4488 276 4550 per
298 4464 417 4528 Imaum
445 4475 543 4530 uestris
570 4487 639 4527 earn
651 4463 742 4550 sesso
762 4461 903 4527 Lechaeo
926 4462 1049 4528 Sedoril
1063 4461 1192 4544 placida

953 4560 989 4623 15
