3034 5204
237 477 279 544 10
698 497 870 547 uenusto

230 651 297 716 tide
312 607 496 733 eademque
511 653 585 711 arte
605 667 671 731 qua
685 647 875 714 Medieeum
892 649 1031 736 Vergilii
1052 652 1203 719 codicem
1218 655 1339 744 Foggi·

230 749 304 813 nius
319 747 488 833 expressit
503 791 511 822 ,
530 746 553 809 ii
568 745 697 812 librarii
711 747 768 830 qui
785 745 972 812 Vossianus
988 752 1265 836 conscripserunt
1280 777 1338 819 ex·

122 863 132 884 ·
229 843 355 928 emplar
361 843 634 930 antiquissimum
649 863 710 929 per
724 842 845 908 duetus
856 846 1044 910 litterarum
1056 847 1207 933 singulos
1217 851 1339 918 imitati

228 951 358 1019 essent,
368 943 403 1008 in
411 939 560 1007 Lucretii
568 941 771 1006 carminibus
778 943 1012 1020 recensendis,
1027 946 1184 1029 quoniam
1192 955 1337 1032 uterque

227 1039 346 1106 eodem
360 1039 515 1126 exemplo
530 1039 678 1125 scriptus
693 1048 803 1117 esset,
824 1063 934 1128 neque
946 1042 971 1106 ii
984 1047 1115 1107 tuntum
1128 1064 1271 1129 usquam
1284 1045 1336 1108 in·

226 1147 279 1203 ter
301 1160 339 1204 se
361 1147 522 1224 quantum
543 1137 716 1204 Romanus
738 1149 772 1205 et
792 1140 968 1206 Mediceus
982 1142 1133 1208 Maronis
1155 1142 1335 1208 dissentire

226 1245 385 1324 possent,
395 1237 477 1301 nihil
491 1257 574 1301 sane
588 1237 755 1324 agendum
771 1247 863 1304 esset
874 1240 939 1304 nisi
948 1247 988 1303 ut
997 1240 1156 1328 paucula,
1166 1241 1201 1305 in
1212 1241 1334 1327 quibus

228 1359 344 1404 eorum
354 1337 515 1402 alteruter
526 1345 720 1424 peccasset,
730 1345 947 1404 notarentur:
957 1359 1036 1402 nam
1044 1338 1126 1424 quid
1134 1339 1241 1424 prima
1251 1337 1334 1423 quid

227 1437 293 1502 alia
306 1456 421 1511 manu,
434 1434 516 1520 quid
528 1435 617 1499 inter
630 1456 750 1500 versus
765 1443 824 1500 aut
837 1437 873 1502 in
886 1438 1036 1523 margine
1051 1437 1214 1522 scriptum
1228 1443 1334 1510 esset,

228 1535 309 1621 quid
323 1532 497 1599 inductum
512 1554 645 1599 erasum
659 1535 924 1619 superscriptum
938 1582 946 1611 ‚
966 1534 1049 1621 quid
1070 1536 1215 1622 denique
1229 1536 1264 1600 vi
1277 1544 1336 1598 aut

225 1631 365 1698 medere
384 1631 579 1708 interisset,
597 1653 638 1696 ea
659 1633 770 1696 omnia
782 1633 859 1698 libri
878 1636 987 1698 nostri
1004 1634 1256 1700 accuratissime
1279 1655 1335 1697 ex·

225 1753 345 1817 pressa
365 1737 682 1816 repraesentarent.
700 1751 816 1796 verum
830 1730 930 1796 huius
943 1732 1037 1797 modi
1052 1733 1134 1796 artis
1149 1753 1218 1796 non
1232 1729 1334 1796 modo

223 1829 281 1894 illo
304 1837 455 1914 tempore
477 1827 625 1894 studium
639 1827 703 1893 fuit
716 1829 863 1905 nullum,
881 1829 972 1894 nulla
992 1829 1147 1894 utilitatis
1169 1830 1335 1916 cognitio,

225 1927 288 1994 sed
302 1949 345 1992 ne
358 1927 473 1992 multis
487 1926 624 2012 quidem
634 1927 781 2012 postilla
796 1927 938 1992 saeculis
948 1949 955 1990 :
966 1948 1077 2014 neque
1091 1926 1267 1992 Iohannen
1280 1927 1334 1992 lo·

225 2026 358 2090 vianum
375 2025 564 2090 Pontanum
585 2046 687 2090 unum
708 2025 819 2090 Taciti
839 2025 987 2090 libellum
1008 2035 1076 2091 tam
1098 2027 1335 2114 superstitiosa

225 2123 404 2190 sedulitate
425 2123 681 2210 transcripsisse
700 2123 788 2188 ullus
806 2123 909 2188 homo
931 2125 1094 2211 suspicari
1115 2123 1248 2212 potuit,
1269 2125 1334 2190 nisi

223 2222 399 2309 insigniter
412 2243 610 2307 perversus.
622 2223 737 2307 itaque
748 2243 789 2286 ea
799 2223 912 2287 omnia
921 2223 1133 2288 auctoritatis
1147 2234 1332 2298 momenta,

225 2343 311 2407 quae
326 2368 334 2397 ,
357 2321 385 2384 si
404 2321 513 2406 ipsum
529 2320 700 2406 exemplar
715 2327 905 2386 ceterorum
918 2322 1101 2409 archetypos
1114 2323 1332 2395 haberemus,

224 2421 330 2484 oeulis
341 2420 517 2485 observari
528 2427 690 2504 possent,
706 2420 755 2483 ita
767 2418 909 2485 confusa
917 2429 1084 2506 apparent
1095 2429 1133 2484 ut
1143 2421 1332 2485 recensenti

224 2519 319 2604 paria
332 2517 441 2583 videri
456 2516 604 2582 debeant
620 2567 627 2581 .
643 2517 711 2581 hoc
728 2517 806 2582 dieo
817 2565 824 2582 .
836 2520 1037 2605 ubicumque
1052 2521 1250 2585 testimoniis
1265 2520 1332 2584 fide

224 2617 335 2703 dignis
354 2617 443 2702 inter
464 2635 501 2679 se
521 2613 654 2678 collatis
673 2615 886 2701 perspicuum
906 2618 1007 2682 estin
1021 2617 1209 2704 archetypo
1225 2619 1330 2705 serip-

223 2723 332 2780 turam
345 2713 450 2779 fuisse
466 2712 632 2799 duplicem
648 2711 733 2797 (hoe
748 2720 860 2777 autem
873 2715 923 2778 ita
937 2722 1006 2790 est,
1018 2715 1175 2801 quotiens
1189 2718 1332 2803 cbhrpce

223 2822 257 2878 et
271 2815 440 2901 perede-cruc
459 2814 548 2876 inter
568 2832 605 2876 se
626 2811 851 2887 dissentiunt,
866 2833 976 2898 neque
998 2834 1112 2878 eorum
1133 2814 1330 2880 alterutrum

221 2933 365 3000 peccare
379 2917 439 2976 aut
453 2932 471 2974 e
485 2910 601 2974 schedis
616 2917 675 2974 aut
692 2931 735 2974 ex
755 2911 871 2975 Italicis
891 2911 963 2976 sivo
982 2933 1082 2976 manu
1104 2914 1238 2998 seriptis
1259 2915 1330 2978 sive

220 3013 374 3099 impressis
397 3009 579 3098 apparet),
600 3007 645 3073 ad
666 3009 897 3073 recensionem
918 3009 1078 3075 iudicium
1101 3011 1330 3077 adhibendum

221 3121 274 3176 est
287 3159 296 3187 ‚
310 3132 421 3197 neque
438 3117 507 3174 tam
525 3113 619 3172 certo
631 3115 708 3172 utra
719 3108 888 3194 scriptura
899 3109 1068 3195 antiquior
1079 3108 1181 3175 fuerit
1191 3110 1257 3176 dici
1268 3133 1329 3198 po·

220 3217 311 3285 test,
330 3230 430 3294 quam
452 3214 609 3293 utra‚aut
628 3227 711 3272 vera
731 3215 789 3271 aut
803 3227 905 3272 verae
925 3208 1068 3293 propior
1082 3209 1126 3272 sit
1145 3208 1329 3293 disputari.

220 3307 282 3371 sed
295 3327 357 3393 ego
370 3327 444 3371 cum
454 3305 523 3369 hoe
534 3305 577 3370 de
587 3307 724 3370 testium
739 3305 896 3371 dissensu
908 3305 1068 3371 iudicium
1080 3327 1189 3392 paene
1203 3308 1330 3395 ubique

220 3405 442 3469 certissimum
457 3409 492 3466 et
506 3411 604 3467 extra
617 3403 801 3489 perieulum
813 3405 957 3489 positum
969 3405 1222 3482 intellexissem,
1237 3407 1329 3471 nolui

219 3502 373 3578 mendis,
393 3521 480 3587 quae
500 3501 535 3564 in
556 3499 663 3564 altero
683 3501 770 3566 libro
789 3509 923 3577 essent,
941 3503 976 3566 in
991 3504 1098 3568 altero
1112 3508 1182 3568 non
1197 3513 1327 3579 essent,

220 3597 454 3668 enumerandis
469 3597 617 3662 taedium
633 3598 760 3662 etmihi
776 3607 811 3663 et
830 3599 1013 3666 lectoribus
1034 3600 1146 3668 faeere
1166 3603 1237 3666 sine
1257 3602 1326 3667 ullo

219 3699 264 3765 ad
278 3719 394 3763 verum
406 3693 643 3762 inveniendum
658 3696 880 3762 emolumento
892 3747 899 3762 .
920 3699 990 3764 seio
1006 3700 1142 3785 quidem
1154 3700 1279 3766 mullos
1292 3701 1327 3764 in

218 3798 283 3862 hac
297 3819 335 3862 re
351 3795 588 3861 confidentiam
602 3816 709 3859 meam
724 3797 992 3882 reprehensuros
1008 3821 1104 3876 esse,
1123 3800 1180 3886 qui
1198 3799 1279 3864 mihi
1292 3799 1327 3864 id

219 3897 313 3983 quod
326 3897 392 3984 ipsi
404 3894 523 3960 videre
536 3894 643 3960 velint
657 3893 750 3959 credi
764 3896 931 3984 postulem
948 3921 954 3962 :
971 3898 1033 3963 sed
1053 3899 1088 3962 hi
1107 3906 1206 3962 erunt
1220 3898 1291 3964 fere
1304 3901 1328 3964 ii

219 3997 276 4081 qui
291 4003 349 4059 aut
364 4015 400 4059 se
417 3994 552 4082 Heynio
568 4001 602 4058 et
612 3993 953 4083 PhilippoWaguero
970 3996 1013 4061 de
1021 3997 1178 4061 Medieeo
1187 3998 1329 4085 Vergilii

218 4093 336 4158 codiee
350 4092 440 4158 idem
455 4091 643 4157 concedere
658 4139 666 4168 ,
688 4095 845 4178 quoniam
864 4095 912 4159 illi
927 4117 964 4160 se
978 4095 1083 4160 multa
1097 4095 1245 4161 tacuisse
1260 4118 1328 4162 non

218 4181 376 4255 dixerunt
388 4191 582 4267 „nesciant‚
594 4192 845 4256 autinalienam
856 4193 1063 4278 diligentiam
1072 4241 1080 4270 ,
1089 4201 1130 4257 ut
1140 4195 1264 4280 ingenii
1276 4197 1327 4260 sui

217 4289 456 4376 praestantiam
469 4290 808 4375 ostentent,cupiant
817 4289 1120 4375 involare.quibus
1132 4313 1195 4379 ego
1207 4299 1327 4357 auctor
1384 4371 1387 4378 Ι

217 4409 290 4450 sum
300 4393 339 4451 ut
350 4394 425 4480 aut,
440 4387 469 4451 si
482 4385 631 4471 possint,
645 4385 742 4460 mihi,
757 4384 884 4450 homini
898 4385 1035 4471 quidem
1048 4409 1160 4474 neque
1175 4411 1327 4456 errorum

217 4487 367 4570 experti,
380 4507 450 4551 non
464 4493 577 4552 tamen
591 4486 688 4550 nimis
702 4484 872 4550 incurioso
887 4491 946 4549 sut
959 4485 1168 4573 neglegenti,
1184 4488 1326 4554 credant
