2970 5268
612 421 675 488 1111

76 593 244 656 Centauros
258 591 391 678 itaque
408 599 442 656 et
457 591 642 680 Scyllarum
657 593 804 658 membre
817 592 984 670 videmum

75 705 321 791 Cerbereasque
341 727 461 771 canum
475 705 595 782 facies,
607 707 848 792 simulacraque
863 729 977 774 eorum

74 841 195 903 quorum
210 829 339 884 morte
356 821 447 884 obito
461 821 558 885 tellus
574 821 784 908 amplectitur
799 843 891 900 osse3

37 949 57 991 τε
72 955 149 996 omne
162 955 281 1018 genus
300 936 466 1020 quoniam
481 936 603 1020 passim
618 935 794 1000 simulacre
807 937 973 1014 feruntur,

72 1049 172 1130 partim
187 1059 334 1135 sponte
350 1070 411 1112 sua
426 1069 511 1134 quae
525 1050 609 1114 fiunt
623 1056 700 1114 aere
715 1051 749 1113 in
763 1051 855 1136 ipso,

72 1161 174 1244 partim
189 1183 290 1248 quae
307 1164 415 1228 variis
430 1164 471 1229 ab
486 1165 587 1228 rebus
604 1185 745 1248 eumque
759 1163 923 1229 recedunt

71 1285 95 1336 et
107 1296 190 1359 qnae
206 1279 377 1343 confiunt
391 1299 432 1340 ex
446 1277 566 1342 horum
580 1277 671 1342 facto
684 1277 815 1364 figuris.

71 1409 131 1452 nem
144 1399 244 1456 certe
263 1413 315 1457 ex
330 1393 410 1456 vivo
427 1391 584 1486 Centauri
599 1413 667 1457 non
680 1393 718 1457 fit
731 1393 857 1478 imago,

21 1511 54 1559 ''·..
70 1504 144 1566 nullo
156 1504 226 1570 fuit
243 1507 414 1592 quoniam
428 1506 504 1570 talis
519 1515 638 1572 nature
652 1507 816 1572 animalis:

72 1637 172 1682 rernm
186 1621 251 1684 ubi
269 1621 355 1706 equi
370 1642 449 1684 casu
464 1629 565 1705 etque
580 1621 722 1686 hominis
738 1623 895 1688 convenit
908 1622 1032 1710 imago,

72 1729 226 1798 haerescit
241 1735 352 1799 facile
366 1737 533 1824 extemplo
544 1786 551 1813 ‚
564 1735 658 1822 quod
674 1735 816 1801 diximus
831 1744 925 1811 ante,

73 1855 202 1931 propter
218 1851 387 1915 subtilem
401 1861 554 1916 naturam
569 1861 603 1916 et
616 1853 730 1916 tenvia
745 1857 853 1916 texte.

76 1967 175 2024 cetero
189 1962 236 2026 de
253 1985 386 2050 genere
399 1965 465 2028 hoc
481 1964 597 2030 eadem
611 1968 741 2030 ratione
756 1973 926 2031 creentur.

36 2083 59 2127 'c
74 2093 148 2154 qnae
163 2098 244 2142 cum
260 2079 432 2144 mobiliter
439 2101 574 2164 ‚summa
587 2080 724 2146 levitate
737 2080 905 2153 feruntur,

78 2190 211 2274 ueprius
229 2190 389 2270 ostendi,
400 2191 496 2258 facile
511 2215 578 2257 nno
594 2198 782 2260 commovet
796 2195 865 2258 ictu

78 2305 255 2382 quaelibet
270 2329 341 2373 una
355 2309 496 2372 animum
511 2309 608 2374 nobis
624 2309 755 2372 senens
769 2287 895 2394 ifnago:

80 2419 175 2481 tenvis
191 2423 286 2486 enim
301 2443 395 2486 mens
410 2430 509 2486 estet
523 2424 604 2487 mire
619 2422 749 2487 mobilis
763 2423 851 2507 ipse.

113 2529 205 2598 Haec
220 2536 299 2600 fieri
315 2545 352 2602 ut
365 2557 513 2600 memoro
523 2585 530 2613 ‚
540 2536 637 2603 focile
650 2537 728 2601 hino
745 2558 950 2624 cognoscere
964 2537 1090 2624 possis.

41 2649 66 2692 ΓΗ
81 2661 137 2724 quc
150 2655 254 2716 tenus
269 2647 338 2716 hoc
352 2651 455 2715 simile
470 2657 523 2716 est
536 2651 599 2726 illi,
611 2651 706 2736 quod
720 2659 831 2716 mente
846 2650 999 2716 videmus

86 2765 175 2842 atque
190 2765 319 2838 oeulis,
330 2765 426 2829 simili
440 2766 509 2829 fieri
523 2766 654 2829 ratione
668 2785 807 2830 necesse
823 2774 890 2830 est.

85 2889 161 2938 nuno
176 2877 283 2963 igitur
300 2880 455 2964 qnoniam
471 2879 572 2944 docui
586 2900 638 2943 me
652 2879 741 2944 forte
755 2879 885 2942 leonem

87 3004 213 3055 cernere
229 3015 294 3082 per
309 2993 500 3066 simulacre,
513 2993 629 3057 oculos
646 3013 732 3077 quae
747 3011 887 3074 cumque
901 2992 1084 3066 lacessunt,

87 3099 160 3166 seire
175 3107 257 3172 licet
271 3117 415 3172 mentem
431 3107 527 3170 simili
540 3107 669 3170 ratione
684 3104 828 3177 moveri,

47 3216 73 3264 :c
88 3232 139 3295 per
151 3220 330 3287 simulacra
343 3222 474 3287 leonem
489 3231 523 3284 et
538 3229 651 3284 cetere
665 3239 751 3305 quae
766 3216 859 3282 videt
873 3238 980 3302 aeque

90 3345 143 3392 nee
154 3335 264 3401 minus
280 3344 381 3422 etque
397 3335 500 3411 oculi,
511 3335 574 3400 nisi
591 3333 684 3421 quod
698 3353 794 3420 mage
807 3333 921 3398 tenvia
935 3333 1055 3398 cernit.

90 3461 142 3507 nec
155 3451 288 3516 ratione
302 3451 383 3526 alia,
394 3473 468 3514 curn
483 3471 619 3515 somnus
633 3450 782 3514 membra
795 3446 970 3534 profudit,'

93 3573 174 3624 mens
188 3566 289 3630 animi
303 3566 434 3651 vigilat,
446 3566 508 3629 nisi
523 3565 616 3651 quod
631 3565 807 3628 simulacra
819 3563 990 3628 lacessunt

93 3665 165 3739 haec
180 3679 299 3744 eadem
310 3687 448 3744 nostros
464 3681 590 3744 animos
606 3699 692 3763 quee
707 3700 782 3742 cum
796 3679 983 3765 vigilamus,

51 3784 79 3830 Η]
94 3785 187 3872 Πέῳιθ
202 3793 290 3858 adeo
301 3841 308 3868 ‚
320 3801 411 3858 certe
426 3801 464 3858 ut
477 3793 649 3857 videamur
665 3813 802 3857 cernere
818 3813 891 3856 eum
908 3813 1007 3878 quern

95 3901 217 3973 reddita
230 3929 295 3994 pro
309 3909 380 3973 vita
393 3909 459 3972 iam
473 3929 564 3971 mors
580 3915 614 3971 et
628 3915 719 3971 terre
732 3907 889 3992 potitast.

112 4103 285 4121 x*-

101 4213 140 4263 766
157 4217 319 4292 Omnigenus
338 4223 348 4291 ΗΗ
368 4221 530 4294 73611666Η
549 4227 599 4274 746
618 4221 715 4274 anieno.
735 4223 745 4291 ΗΗ
765 4228 811 4274 741
832 4221 1042 4292 etquchomincs
1055 4240 1118 4276 casu
1137 4223 1146 4288 Η
1165 4225 1214 4273 743

27 4325 29 4358 i
100 4300 169 4352 “¹¹⁰²
194 4305 204 4372 Η
229 4311 277 4358 762
297 4304 375 4358 docui
393 4305 515 4375 quoniam
543 4304 553 4374 Η
576 4304 698 4358 leonum.
718 4305 795 4372 11766
815 4303 921 4358 leonum
939 4313 1026 4359 cetere
1047 4305 1057 4374 ΗΗ
1077 4310 1126 4356 756
1145 4301 1215 4354 oculi

25 4393 27 4457 Η
102 4387 168 4446 fitque
185 4388 195 4453 Η
215 4393 265 4442 766
283 4405 345 4457 que.
365 4389 375 4456 ΗΗ
396 4393 443 4440 761
464 4405 513 4458 pro
531 4396 665 4443 mnirrnm.

26 4520 29 4560 t
