2990 5182
272 485 342 556 380
407 587 409 594 ,
798 483 848 550 Vl

270 659 364 724 ouius
373 657 561 723 Probianae
570 656 747 742 vestigium
760 657 961 726 remansisse
971 658 1180 742 suspicetur,
1191 659 1236 723 ad
1245 680 1380 724 versum

269 757 378 842 ipsum
394 754 638 819 emendandum
660 755 741 818 mihi
756 756 935 840 quiequam
956 755 1121 840 proficere
1136 755 1326 822 videbitur.
1349 759 1381 821 in

270 876 337 939 quo
349 855 491 939 primum
502 852 578 916 Itali
588 859 682 916 reete
696 852 908 936 seripserunt
917 854 951 916 in
965 875 1148 916 sannen.
1162 861 1235 916 tum
1246 875 1381 919 eorrec-

268 961 325 1016 tor
349 951 506 1037 quadrati
526 963 665 1026 moeret,
687 951 855 1015 Antonius
878 951 976 1016 Marii
999 959 1034 1015 et
1055 951 1220 1016 Marullus
1241 955 1381 1018 odram:

270 1070 413 1135 quorum
423 1048 508 1114 illud
519 1049 719 1112 sententiam
730 1049 913 1133 pervertit,
927 1048 996 1114 hoo
1008 1057 1067 1113 aut
1077 1047 1235 1114 Latinum
1246 1070 1318 1112 non
1329 1061 1378 1114 est

269 1151 364 1233 (nam
378 1151 460 1212 mino
482 1153 517 1210 et
531 1147 630 1210 minor
644 1151 778 1211 veteres
793 1148 827 1210 in
849 1167 917 1210 una
933 1145 1119 1231 eademque
1134 1145 1378 1232 significatione

267 1246 451 1331 protulisse
464 1244 640 1309 Prisciano
657 1244 863 1309 credendum
877 1266 946 1308 non
962 1251 1032 1320 est,
1053 1265 1151 1329 quem
1166 1247 1378 1308 interminatus

268 1343 482 1429 participium
496 1342 649 1428 fefellit),
665 1343 773 1406 autin
790 1342 940 1427 pellendi
954 1342 1198 1428 significatione
1211 1343 1303 1407 ruris
1319 1365 1377 1428 po

267 1443 334 1506 tius
358 1463 457 1527 quam
479 1440 592 1507 urbis.
615 1441 658 1504 ab
679 1440 747 1505 hoe
767 1441 894 1506 factum
916 1443 1051 1505 maore
1072 1441 1183 1505 lexioa
1201 1442 1377 1526 ignorant,

267 1546 456 1625 agnoscunt
469 1540 614 1604 Aotuum
635 1539 867 1624 apostolorum
891 1539 1096 1625 exemplaria
1109 1539 1232 1603 Latina
1254 1561 1375 1624 peran-

266 1639 361 1720 tiqua
374 1635 516 1732 xvrrr‚2l
535 1685 541 1700 .
564 1634 697 1722 ridiculi
716 1645 797 1702 sunt
811 1637 869 1722 qui
891 1644 950 1701 aut
969 1659 1030 1724 per
1045 1638 1168 1702 tmesin
1188 1637 1375 1722 accipiunt.

266 1735 419 1799 Irrmr'oent
432 1736 567 1814 oliorum,
587 1742 649 1798 aut
667 1737 782 1800 oriem
797 1757 817 1799 a
832 1757 869 1800 se
889 1735 944 1800 hio
960 1743 994 1799 et
1008 1735 1042 1799 in
1060 1755 1162 1800 versu
1180 1735 1259 1799 1195
1277 1736 1374 1798 resti-

267 1839 374 1896 tutum
385 1826 747 1917 gloriantur‚‘verbum
758 1833 908 1918 simplex’
920 1853 1018 1907 sane,
1034 1832 1097 1898 sed
1108 1853 1211 1897 sensu
1223 1855 1373 1904 cassum,

267 1928 360 2014 quod
372 1929 525 1994 homines
537 1929 630 1994 docti
644 1931 680 1994 in
691 1929 840 1993 Sallustii
855 1930 969 1994 verbis
984 1929 1128 1994 aNonio
1143 1952 1176 2015 p.
1186 1929 1282 2006 5553
1296 1953 1373 1994 eon·

265 2027 406 2114 signatis
420 2027 597 2094 ferendum
612 2049 679 2092 non
696 2028 946 2092 existimarunt.
962 2028 1067 2092 m'ulto
1080 2027 1198 2092 melius
1214 2029 1370 2114 estquod
1483 2057 1484 2100 3

264 2125 344 2191 Pius
361 2125 478 2200 dedit,
501 2127 654 2192 Inclinato
668 2129 782 2190 micant
793 2174 802 2205 ,
824 2125 861 2190 id
881 2133 932 2190 est
954 2126 1079 2190 saliunt
1101 2135 1135 2190 et
1150 2134 1371 2196 tremescunt:

263 2225 327 2294 nisi
343 2224 436 2310 quod
449 2225 564 2289 mirare
578 2226 612 2289 in
626 2224 731 2310 igneis
743 2231 873 2288 tantum
885 2224 937 2288 vel
954 2224 1107 2288 animatis
1120 2223 1233 2288 looum
1246 2225 1369 2291 babere

265 2323 438 2388 existimo.
462 2343 586 2408 quare,
614 2343 688 2386 oum
710 2321 765 2386 hio
788 2322 881 2406 quod
902 2327 1032 2386 eertum
1054 2321 1099 2384 sit
1120 2320 1202 2386 nihil
1223 2322 1370 2391 videam.

263 2420 351 2485 malo
367 2420 506 2484 eredere
517 2420 709 2484 Lucretium
724 2441 785 2482 suo
802 2427 834 2484 et
851 2426 932 2503 apto
948 2419 1114 2484 vocabulo
1130 2420 1308 2502 scripsisse
1320 2422 1368 2486 lo·

164 2535 173 2548 '
264 2521 377 2584 clinare
393 2541 526 2582 usasr
539 2520 574 2582 io
587 2519 713 2582 eaodem
722 2519 849 2603 prodito
857 2529 998 2603 portem.

347 2617 415 2681 565.
431 2615 490 2678 Er
511 2637 723 2678 urruorr.
746 2612 921 2700 Oblongus
941 2615 981 2679 Tr
995 2626 1146 2696 inemori,
1162 2617 1368 2684 Veronensis

264 2714 367 2778 editio
387 2716 416 2777 T
412 2737 428 2777 e
441 2715 581 2778 melione.

346 2810 1367 2891 568.Quoor1s1nssrrnsrsrvnrrrsrunnaserre·
1482 2845 1483 2908 }

263 2933 341 2973 ner
363 2909 444 2972 Res
475 2929 607 2986 ssour
629 2932 679 2972 sn
702 2931 847 2974 sxrrro
870 2931 1013 2974 rossrr
1041 2933 1365 2978 reresurrnnnr

262 3031 307 3072 no
316 3029 384 3071 rrr
395 3029 428 3070 s.
450 3007 645 3087 Quadratus
660 3009 755 3095 refert
767 3020 827 3072 met
840 3011 903 3074 Res
916 3033 971 3074 aee
986 3032 1044 3096 que
1058 3011 1116 3090 ab,
1139 3009 1306 3096 oblongus
1320 3037 1365 3076 re·

256 3107 681 3192 pretendereuolis.vnrr1
705 3114 740 3170 et
757 3129 970 3170 rnrrnrnr
991 3106 1084 3171 Itali.
1099 3117 1169 3172 tum
1184 3109 1366 3174 Brixiensis

262 3204 366 3270 editio
381 3207 408 3268 si
422 3206 524 3278 nullo,
540 3197 603 3268 neo
618 3203 723 3268 multo
738 3202 856 3268 melius
868 3203 912 3268 ad
928 3204 1115 3270 orationem
1127 3207 1365 3272 absolvendam

194 3315 213 3392 ’ἱ
260 3303 335 3366 ltali
349 3325 410 3366 ooo
423 3303 505 3380 ullu,
526 3301 652 3366 factum
669 3300 714 3364 ad
729 3301 916 3386 exemplum
932 3323 1052 3367 versus
1066 3303 1101 3367 in
1116 3326 1128 3366 1
1143 3303 1221 3378 850,
1244 3307 1301 3371 ubi
1317 3318 1364 3370 est

259 3423 354 3486 oeqoe
369 3401 407 3462 ab
422 3401 514 3464 esitio
534 3423 584 3464 res
597 3401 662 3463 ralla
684 3399 821 3484 rffreoat
835 3448 841 3462 .
866 3398 921 3464 hio
937 3398 1168 3464 Wakefieldus
1183 3402 1284 3468 valde
1299 3404 1365 3467 lau·

261 3498 394 3564 dandus
406 3507 474 3573 est,
491 3498 548 3582 qui
559 3498 731 3562 verissime
743 3498 892 3563 correxit
903 3498 1083 3563 scribendo
1096 3521 1162 3563 vrs
1173 3501 1262 3564 nollo
1272 3501 1363 3588 rofre

259 3607 309 3660 nel
325 3597 401 3660 Res,

342 3691 482 3756 maer
505 3715 1011 3760 nrorrrrrnonarsasuas
1034 3719 1074 3759 rr
1091 3717 1286 3760 rornrna
1302 3720 1363 3762 sr-

260 3815 348 3858 nrs.
371 3793 409 3856 Io
417 3792 558 3878 peredere
574 3789 779 3877 quadratus,
793 3795 826 3855 io
834 3794 971 3877 prindere
985 3793 1152 3879 oblongus
1168 3803 1203 3858 et
1217 3795 1295 3860 Itali
1308 3797 1365 3860 im-

257 3892 433 3976 pressique
455 3889 549 3956 libri.
573 3891 725 3975 prolapso
745 3891 777 3952 in
793 3891 935 3974 pondera
957 3899 1010 3955 est
1030 3892 1073 3956 ab
1097 3892 1187 3954 omni
1215 3895 1364 3976 partein

258 3988 411 4072 aequalia
425 3988 579 4071 pondera
593 3988 776 4075 prolapsa,
800 3990 843 4052 ele
859 3990 1051 4072 lcopporrlau.
1073 3990 1121 4052 ita
1136 3990 1319 4058 Turnebus
1333 3995 1365 4056 in

257 4085 462 4150 adversariis
478 4107 520 4160 iv,
533 4087 569 4149 17
582 4087 785 4152 Ouidianum
799 4086 883 4151 illud
893 4088 1139 4172 interpretatur
1150 4089 1185 4151 in
1200 4100 1334 4154 metam.
1347 4115 1366 4164 ι,

260 4185 313 4259 13,
332 4184 399 4248 Nee
414 4184 528 4246 circum
541 4183 617 4269 suro
632 4185 785 4269 perdebat
803 4187 835 4247 in
855 4195 926 4248 alre
947 4187 1032 4250 tellio
1048 4185 1236 4250 Ponderibus
1256 4189 1365 4252 librato

255 4284 336 4346 ruis.
357 4280 406 4344 ita
421 4279 599 4344 Lueretius
614 4282 648 4344 in
665 4281 769 4356 11‚218
786 4283 924 4367 Corpora
938 4305 1006 4347 mam
1022 4283 1163 4348 deorsam
1177 4295 1293 4348 rectum
1307 4309 1365 4371 per

255 4383 345 4444 irione
352 4380 517 4466 feruntur,
534 4377 720 4443 Ponderibus
730 4381 868 4464 propriis
881 4381 993 4444 incerto
1008 4381 1139 4464 ternpore
1145 4380 1249 4466 seme
1261 4383 1364 4448 loerr-

219 4511 222 4516 ·
255 4480 348 4564 lisque
359 4478 418 4542 loci
427 4476 534 4562 spatiis
544 4477 688 4543 decellere
694 4479 825 4562 paulum
835 4525 842 4538 .
854 4477 1010 4542 Lucanos
1025 4478 1060 4542 iu
1074 4478 1145 4552 1‚57
1157 4479 1297 4544 Aetheris
1308 4483 1363 4543 im·
