<?xml version="1.0" encoding="UTF-8"?>
<!DOCTYPE html PUBLIC "-//W3C//DTD XHTML 1.0 Transitional//EN"
    "http://www.w3.org/TR/xhtml1/DTD/xhtml1-transitional.dtd">
<html xmlns="http://www.w3.org/1999/xhtml" xml:lang="en" lang="en">
 <head>
  <title>
</title>
<meta http-equiv="Content-Type" content="text/html;charset=utf-8" />
  <meta name='ocr-system' content='tesseract 3.04.00' />
  <meta name='ocr-capabilities' content='ocr_page ocr_carea ocr_par ocr_line ocrx_word'/>
</head>
<body>
  <div class='ocr_page' id='page_1' title='image "./intlucretiicari00lachgoog_0534.png"; bbox 0 0 2972 5188; ppageno 0'>
   <div class='ocr_carea' id='block_1_1' title="bbox 646 517 1225 608">
    <p class='ocr_par' dir='ltr' id='par_1_1' title="bbox 646 517 1225 608">
     <span class='ocr_line' id='line_1_1' title="bbox 646 517 1225 608; baseline 0.005 -26"><span class='ocrx_word' id='word_1_1' title='bbox 646 517 696 583; x_wconf 81' lang='lat' dir='ltr'>m</span> <span class='ocrx_word' id='word_1_2' title='bbox 886 583 895 608; x_wconf 73' lang='grc'><strong><em>,</em></strong></span> <span class='ocrx_word' id='word_1_3' title='bbox 1157 519 1225 586; x_wconf 84' lang='lat'>277</span> 
     </span>
    </p>
   </div>
   <div class='ocr_carea' id='block_1_2' title="bbox 60 689 1347 4498">
    <p class='ocr_par' dir='ltr' id='par_1_2' title="bbox 116 689 1347 856">
     <span class='ocr_line' id='line_1_2' title="bbox 116 689 1347 776; baseline 0.002 -20"><span class='ocrx_word' id='word_1_4' title='bbox 116 690 314 756; x_wconf 77' lang='lat' dir='ltr'>Diomedem</span> <span class='ocrx_word' id='word_1_5' title='bbox 329 691 431 776; x_wconf 84' lang='lat' dir='ltr'>p.293</span> <span class='ocrx_word' id='word_1_6' title='bbox 447 694 555 756; x_wconf 75' lang='lat' dir='ltr'>crescit</span> <span class='ocrx_word' id='word_1_7' title='bbox 568 693 645 773; x_wconf 85' lang='lat' dir='ltr'>illi),</span> <span class='ocrx_word' id='word_1_8' title='bbox 661 691 791 755; x_wconf 68' lang='lat' dir='ltr'>cruam</span> <span class='ocrx_word' id='word_1_9' title='bbox 804 692 856 754; x_wconf 78' lang='lat' dir='ltr'>tibi</span> <span class='ocrx_word' id='word_1_10' title='bbox 868 713 886 754; x_wconf 89' lang='lat' dir='ltr'>e</span> <span class='ocrx_word' id='word_1_11' title='bbox 899 689 1043 776; x_wconf 86' lang='lat' dir='ltr'>Priapeo</span> <span class='ocrx_word' id='word_1_12' title='bbox 1063 692 1115 770; x_wconf 86' lang='grc'>19,</span> <span class='ocrx_word' id='word_1_13' title='bbox 1131 699 1166 756; x_wconf 89' lang='lat' dir='ltr'>et</span> <span class='ocrx_word' id='word_1_14' title='bbox 1181 693 1227 755; x_wconf 88' lang='lat' dir='ltr'>al·</span> <span class='ocrx_word' id='word_1_15' title='bbox 1339 745 1347 759; x_wconf 93' lang='lat'>.</span> 
     </span>
     <span class='ocr_line' id='line_1_3' title="bbox 116 789 729 856; baseline 0.002 -3"><span class='ocrx_word' id='word_1_16' title='bbox 116 798 221 854; x_wconf 82' lang='lat' dir='ltr'>teror</span> <span class='ocrx_word' id='word_1_17' title='bbox 236 789 349 854; x_wconf 91' lang='lat' dir='ltr'>deleto</span> <span class='ocrx_word' id='word_1_18' title='bbox 365 790 582 856; x_wconf 77' lang='lat' dir='ltr'>scribendum</span> <span class='ocrx_word' id='word_1_19' title='bbox 597 792 729 854; x_wconf 73' lang='lat' dir='ltr'>oraora.</span> 
     </span>
    </p>

    <p class='ocr_par' dir='ltr' id='par_1_3' title="bbox 201 887 1152 964">
     <span class='ocr_line' id='line_1_4' title="bbox 201 887 1152 964; baseline -0.001 -13"><span class='ocrx_word' id='word_1_20' title='bbox 201 887 290 952; x_wconf 80' lang='lat'>1281.</span> <span class='ocrx_word' id='word_1_21' title='bbox 312 889 636 964; x_wconf 80' lang='lat' dir='ltr'>Moarosursour.</span> <span class='ocrx_word' id='word_1_22' title='bbox 658 909 800 952; x_wconf 78' lang='lat' dir='ltr'>monis.</span> <span class='ocrx_word' id='word_1_23' title='bbox 822 887 988 953; x_wconf 82' lang='lat' dir='ltr'>Marullus</span> <span class='ocrx_word' id='word_1_24' title='bbox 1010 910 1152 952; x_wconf 83' lang='lat' dir='ltr'>uoors.</span> 
     </span>
    </p>

    <p class='ocr_par' dir='ltr' id='par_1_4' title="bbox 103 985 1301 2618">
     <span class='ocr_line' id='line_1_5' title="bbox 204 985 1225 1052; baseline -0.002 -2"><span class='ocrx_word' id='word_1_25' title='bbox 204 985 293 1050; x_wconf 80' lang='lat'>1282.</span> <span class='ocrx_word' id='word_1_26' title='bbox 314 987 373 1052; x_wconf 88' lang='lat' dir='ltr'>Ur</span> <span class='ocrx_word' id='word_1_27' title='bbox 395 1009 545 1052; x_wconf 73' lang='lat' dir='ltr'>racina</span> <span class='ocrx_word' id='word_1_28' title='bbox 574 1009 803 1052; x_wconf 81' lang='lat' dir='ltr'>rusussoar</span> <span class='ocrx_word' id='word_1_29' title='bbox 831 1009 959 1050; x_wconf 81' lang='lat' dir='ltr'>ssourr</span> <span class='ocrx_word' id='word_1_30' title='bbox 980 1007 1142 1050; x_wconf 78' lang='lat' dir='ltr'>nassas</span> <span class='ocrx_word' id='word_1_31' title='bbox 1163 1007 1225 1048; x_wconf 83' lang='lat' dir='ltr'>vr-</span> 
     </span>
     <span class='ocr_line' id='line_1_6' title="bbox 114 1082 1226 1172; baseline 0 -24"><span class='ocrx_word' id='word_1_32' title='bbox 114 1107 214 1148; x_wconf 76' lang='lat' dir='ltr'>rau.</span> <span class='ocrx_word' id='word_1_33' title='bbox 237 1083 433 1163; x_wconf 80' lang='lat' dir='ltr'><strong>Quadratus</strong></span> <span class='ocrx_word' id='word_1_34' title='bbox 455 1087 614 1170; x_wconf 76' lang='lat' dir='ltr'>drprrere,</span> <span class='ocrx_word' id='word_1_35' title='bbox 636 1093 674 1148; x_wconf 90' lang='lat' dir='ltr'>ut</span> <span class='ocrx_word' id='word_1_36' title='bbox 697 1107 802 1172; x_wconf 92' lang='lat' dir='ltr'>supra</span> <span class='ocrx_word' id='word_1_37' title='bbox 824 1105 925 1148; x_wconf 87' lang='lat' dir='ltr'>versu</span> <span class='ocrx_word' id='word_1_38' title='bbox 940 1084 1018 1148; x_wconf 86' lang='grc'>968.</span> <span class='ocrx_word' id='word_1_39' title='bbox 1041 1082 1226 1148; x_wconf 85' lang='lat' dir='ltr'>Brixiensis</span> 
     </span>
     <span class='ocr_line' id='line_1_7' title="bbox 113 1181 1226 1271; baseline -0.003 -25"><span class='ocrx_word' id='word_1_40' title='bbox 113 1182 226 1247; x_wconf 77' lang='lat' dir='ltr'><strong>editor</strong></span> <span class='ocrx_word' id='word_1_41' title='bbox 240 1207 340 1248; x_wconf 79' lang='lat' dir='ltr'>secam</span> <span class='ocrx_word' id='word_1_42' title='bbox 355 1207 490 1271; x_wconf 75' lang='lat' dir='ltr'>qaoque,</span> <span class='ocrx_word' id='word_1_43' title='bbox 507 1184 601 1269; x_wconf 91' lang='lat' dir='ltr'>quod</span> <span class='ocrx_word' id='word_1_44' title='bbox 615 1184 815 1250; x_wconf 77' lang='lat' dir='ltr'><strong>sententiam</strong></span> <span class='ocrx_word' id='word_1_45' title='bbox 829 1204 898 1246; x_wconf 90' lang='lat' dir='ltr'>non</span> <span class='ocrx_word' id='word_1_46' title='bbox 914 1181 1043 1266; x_wconf 79' lang='lat' dir='ltr'><strong>explet:</strong></span> <span class='ocrx_word' id='word_1_47' title='bbox 1057 1181 1226 1244; x_wconf 86' lang='lat' dir='ltr'>Antonius</span> 
     </span>
     <span class='ocr_line' id='line_1_8' title="bbox 111 1278 1225 1368; baseline -0.004 -24"><span class='ocrx_word' id='word_1_48' title='bbox 111 1279 213 1344; x_wconf 87' lang='lat' dir='ltr'>Marii</span> <span class='ocrx_word' id='word_1_49' title='bbox 228 1288 263 1346; x_wconf 88' lang='lat' dir='ltr'>et</span> <span class='ocrx_word' id='word_1_50' title='bbox 277 1281 440 1346; x_wconf 87' lang='lat' dir='ltr'><strong>Marullus</strong></span> <span class='ocrx_word' id='word_1_51' title='bbox 453 1305 555 1346; x_wconf 82' lang='lat' dir='ltr'>rreum</span> <span class='ocrx_word' id='word_1_52' title='bbox 569 1285 634 1356; x_wconf 79' lang='lat' dir='ltr'>eir,</span> <span class='ocrx_word' id='word_1_53' title='bbox 649 1281 764 1346; x_wconf 83' lang='lat' dir='ltr'>ltaliae</span> <span class='ocrx_word' id='word_1_54' title='bbox 779 1281 884 1368; x_wconf 87' lang='lat' dir='ltr'>magis</span> <span class='ocrx_word' id='word_1_55' title='bbox 901 1300 1001 1364; x_wconf 88' lang='lat' dir='ltr'>quam</span> <span class='ocrx_word' id='word_1_56' title='bbox 1012 1278 1149 1341; x_wconf 86' lang='lat' dir='ltr'>Latine.</span> <span class='ocrx_word' id='word_1_57' title='bbox 1166 1298 1225 1363; x_wconf 91' lang='lat' dir='ltr'>po-</span> 
     </span>
     <span class='ocr_line' id='line_1_9' title="bbox 112 1375 1226 1466; baseline -0.002 -26"><span class='ocrx_word' id='word_1_58' title='bbox 112 1377 181 1442; x_wconf 83' lang='lat' dir='ltr'>tius</span> <span class='ocrx_word' id='word_1_59' title='bbox 197 1385 250 1442; x_wconf 87' lang='lat' dir='ltr'>est</span> <span class='ocrx_word' id='word_1_60' title='bbox 265 1387 303 1443; x_wconf 87' lang='lat' dir='ltr'>ut</span> <span class='ocrx_word' id='word_1_61' title='bbox 317 1379 483 1445; x_wconf 85' lang='lat' dir='ltr'>adioiatur</span> <span class='ocrx_word' id='word_1_62' title='bbox 498 1404 519 1443; x_wconf 82' lang='grc' dir='ltr'>ιι</span> <span class='ocrx_word' id='word_1_63' title='bbox 530 1403 592 1445; x_wconf 82' lang='lat' dir='ltr'>os.</span> <span class='ocrx_word' id='word_1_64' title='bbox 614 1380 682 1444; x_wconf 91' lang='lat' dir='ltr'>boe</span> <span class='ocrx_word' id='word_1_65' title='bbox 698 1378 832 1444; x_wconf 81' lang='lat' dir='ltr'>dicendi</span> <span class='ocrx_word' id='word_1_66' title='bbox 847 1400 953 1466; x_wconf 85' lang='lat' dir='ltr'>genus</span> <span class='ocrx_word' id='word_1_67' title='bbox 968 1395 1066 1440; x_wconf 89' lang='lat' dir='ltr'>nemo</span> <span class='ocrx_word' id='word_1_68' title='bbox 1081 1375 1191 1440; x_wconf 86' lang='lat' dir='ltr'>nesoit</span> <span class='ocrx_word' id='word_1_69' title='bbox 1205 1395 1226 1438; x_wconf 89' lang='lat' dir='ltr'>a</span> 
     </span>
     <span class='ocr_line' id='line_1_10' title="bbox 109 1473 1225 1559; baseline -0.004 -21"><span class='ocrx_word' id='word_1_70' title='bbox 109 1475 265 1541; x_wconf 87' lang='lat' dir='ltr'>Bentleio</span> <span class='ocrx_word' id='word_1_71' title='bbox 280 1477 482 1542; x_wconf 88' lang='lat' dir='ltr'>illustratum</span> <span class='ocrx_word' id='word_1_72' title='bbox 498 1500 573 1542; x_wconf 86' lang='lat' dir='ltr'>esse</span> <span class='ocrx_word' id='word_1_73' title='bbox 588 1477 633 1540; x_wconf 85' lang='lat' dir='ltr'>ad</span> <span class='ocrx_word' id='word_1_74' title='bbox 647 1477 730 1541; x_wconf 90' lang='lat' dir='ltr'>illud</span> <span class='ocrx_word' id='word_1_75' title='bbox 742 1477 894 1551; x_wconf 79' lang='lat' dir='ltr'>Horatii,</span> <span class='ocrx_word' id='word_1_76' title='bbox 908 1475 1036 1539; x_wconf 73' lang='lat' dir='ltr'>marcuit</span> <span class='ocrx_word' id='word_1_77' title='bbox 1043 1483 1135 1559; x_wconf 78' lang='lat' dir='ltr'>pater</span> <span class='ocrx_word' id='word_1_78' title='bbox 1148 1473 1225 1556; x_wconf 77' lang='lat' dir='ltr'>opti·</span> 
     </span>
     <span class='ocr_line' id='line_1_11' title="bbox 109 1567 1224 1654; baseline -0.003 -19"><span class='ocrx_word' id='word_1_79' title='bbox 109 1597 180 1636; x_wconf 80' lang='lat' dir='ltr'>raus</span> <span class='ocrx_word' id='word_1_80' title='bbox 200 1574 257 1639; x_wconf 79' lang='lat' dir='ltr'>too</span> <span class='ocrx_word' id='word_1_81' title='bbox 276 1599 341 1654; x_wconf 84' lang='lat' dir='ltr'>me,</span> <span class='ocrx_word' id='word_1_82' title='bbox 364 1597 460 1638; x_wconf 85' lang='lat' dir='ltr'>serm.</span> <span class='ocrx_word' id='word_1_83' title='bbox 473 1599 494 1650; x_wconf 86' lang='grc' dir='ltr'>ι,</span> <span class='ocrx_word' id='word_1_84' title='bbox 506 1575 625 1650; x_wconf 68' lang='lat' dir='ltr'>albu.</span> <span class='ocrx_word' id='word_1_85' title='bbox 649 1575 697 1640; x_wconf 89' lang='lat' dir='ltr'>sio</span> <span class='ocrx_word' id='word_1_86' title='bbox 719 1577 838 1640; x_wconf 81' lang='lat' dir='ltr'>derarei</span> <span class='ocrx_word' id='word_1_87' title='bbox 858 1597 926 1638; x_wconf 77' lang='grc' dir='ltr'>εηηι</span> <span class='ocrx_word' id='word_1_88' title='bbox 941 1571 1086 1636; x_wconf 82' lang='lat' dir='ltr'>Titinius</span> <span class='ocrx_word' id='word_1_89' title='bbox 1108 1571 1144 1634; x_wconf 88' lang='lat' dir='ltr'>in</span> <span class='ocrx_word' id='word_1_90' title='bbox 1159 1567 1224 1632; x_wconf 86' lang='lat' dir='ltr'>Ge·</span> 
     </span>
     <span class='ocr_line' id='line_1_12' title="bbox 109 1669 1224 1759; baseline -0.004 -25"><span class='ocrx_word' id='word_1_91' title='bbox 109 1671 221 1746; x_wconf 87' lang='lat' dir='ltr'>mina,</span> <span class='ocrx_word' id='word_1_92' title='bbox 243 1675 329 1736; x_wconf 87' lang='lat' dir='ltr'>Nam</span> <span class='ocrx_word' id='word_1_93' title='bbox 345 1675 500 1759; x_wconf 78' lang='lat' dir='ltr'>parasitos</span> <span class='ocrx_word' id='word_1_94' title='bbox 522 1676 640 1754; x_wconf 67' lang='lat' dir='ltr'>aarum,</span> <span class='ocrx_word' id='word_1_95' title='bbox 662 1675 802 1737; x_wconf 72' lang='grc' dir='ltr'>Ιηιοηηιη</span> <span class='ocrx_word' id='word_1_96' title='bbox 823 1672 947 1736; x_wconf 70' lang='lat' dir='ltr'>aedibus</span> <span class='ocrx_word' id='word_1_97' title='bbox 969 1693 1037 1734; x_wconf 82' lang='lat' dir='ltr'>eam</span> <span class='ocrx_word' id='word_1_98' title='bbox 1058 1669 1224 1745; x_wconf 65' lang='lat' dir='ltr'>aestuari,</span> 
     </span>
     <span class='ocr_line' id='line_1_13' title="bbox 109 1763 1224 1858; baseline -0.006 -24"><span class='ocrx_word' id='word_1_99' title='bbox 109 1771 245 1835; x_wconf 78' lang='lat' dir='ltr'>Desaeui</span> <span class='ocrx_word' id='word_1_100' title='bbox 257 1795 296 1836; x_wconf 81' lang='lat' dir='ltr'>ue</span> <span class='ocrx_word' id='word_1_101' title='bbox 310 1795 370 1858; x_wconf 80' lang='lat' dir='ltr'>quo</span> <span class='ocrx_word' id='word_1_102' title='bbox 385 1773 428 1835; x_wconf 83' lang='lat' dir='ltr'>ad</span> <span class='ocrx_word' id='word_1_103' title='bbox 447 1793 574 1835; x_wconf 77' lang='grc' dir='ltr'>οηεηαιη</span> <span class='ocrx_word' id='word_1_104' title='bbox 594 1774 689 1836; x_wconf 70' lang='lat' dir='ltr'>exiret</span> <span class='ocrx_word' id='word_1_105' title='bbox 708 1783 795 1835; x_wconf 73' lang='lat' dir='ltr'>extra</span> <span class='ocrx_word' id='word_1_106' title='bbox 816 1771 975 1835; x_wconf 69' lang='lat' dir='ltr'>amariliam</span> <span class='ocrx_word' id='word_1_107' title='bbox 993 1790 1110 1840; x_wconf 85' lang='lat' dir='ltr'>meam,</span> <span class='ocrx_word' id='word_1_108' title='bbox 1132 1763 1224 1850; x_wconf 89' lang='lat' dir='ltr'>apud</span> 
     </span>
     <span class='ocr_line' id='line_1_14' title="bbox 108 1864 1223 1955; baseline -0.004 -23"><span class='ocrx_word' id='word_1_109' title='bbox 108 1867 258 1933; x_wconf 88' lang='lat' dir='ltr'>Nonium</span> <span class='ocrx_word' id='word_1_110' title='bbox 272 1892 304 1955; x_wconf 92' lang='lat' dir='ltr'>p.</span> <span class='ocrx_word' id='word_1_111' title='bbox 313 1870 362 1943; x_wconf 82' lang='lat'>94,</span> <span class='ocrx_word' id='word_1_112' title='bbox 371 1869 429 1944; x_wconf 86' lang='lat'>33,</span> <span class='ocrx_word' id='word_1_113' title='bbox 443 1870 499 1934; x_wconf 90' lang='lat' dir='ltr'>ubi</span> <span class='ocrx_word' id='word_1_114' title='bbox 515 1871 603 1934; x_wconf 84' lang='lat' dir='ltr'>Nara</span> <span class='ocrx_word' id='word_1_115' title='bbox 617 1879 652 1934; x_wconf 91' lang='lat' dir='ltr'>et</span> <span class='ocrx_word' id='word_1_116' title='bbox 666 1893 735 1934; x_wconf 80' lang='lat' dir='ltr'>eum</span> <span class='ocrx_word' id='word_1_117' title='bbox 750 1869 882 1934; x_wconf 87' lang='lat' dir='ltr'>omissis</span> <span class='ocrx_word' id='word_1_118' title='bbox 896 1866 1059 1950; x_wconf 87' lang='lat' dir='ltr'>seriptum</span> <span class='ocrx_word' id='word_1_119' title='bbox 1074 1874 1128 1928; x_wconf 88' lang='lat' dir='ltr'>est</span> <span class='ocrx_word' id='word_1_120' title='bbox 1142 1864 1223 1928; x_wconf 84' lang='lat' dir='ltr'>leae·</span> 
     </span>
     <span class='ocr_line' id='line_1_15' title="bbox 106 1963 1222 2050; baseline -0.004 -22"><span class='ocrx_word' id='word_1_121' title='bbox 106 1989 196 2044; x_wconf 75' lang='lat' dir='ltr'>reem,</span> <span class='ocrx_word' id='word_1_122' title='bbox 217 1987 291 2030; x_wconf 89' lang='lat' dir='ltr'>oum</span> <span class='ocrx_word' id='word_1_123' title='bbox 306 1987 464 2030; x_wconf 87' lang='lat' dir='ltr'>numeros</span> <span class='ocrx_word' id='word_1_124' title='bbox 478 1967 640 2032; x_wconf 77' lang='lat' dir='ltr'>iambicos</span> <span class='ocrx_word' id='word_1_125' title='bbox 656 1966 841 2032; x_wconf 84' lang='lat' dir='ltr'>ostendant</span> <span class='ocrx_word' id='word_1_126' title='bbox 856 1985 942 2050; x_wconf 90' lang='lat' dir='ltr'>quae</span> <span class='ocrx_word' id='word_1_127' title='bbox 955 1964 1094 2028; x_wconf 87' lang='lat' dir='ltr'>suerunt</span> <span class='ocrx_word' id='word_1_128' title='bbox 1113 1963 1147 2026; x_wconf 91' lang='lat' dir='ltr'>in</span> <span class='ocrx_word' id='word_1_129' title='bbox 1167 1981 1222 2024; x_wconf 87' lang='lat' dir='ltr'>eo·</span> 
     </span>
     <span class='ocr_line' id='line_1_16' title="bbox 108 2063 1223 2150; baseline -0.004 -24"><span class='ocrx_word' id='word_1_130' title='bbox 108 2063 189 2127; x_wconf 88' lang='lat' dir='ltr'>dem</span> <span class='ocrx_word' id='word_1_131' title='bbox 212 2065 305 2140; x_wconf 83' lang='lat' dir='ltr'>loeo,</span> <span class='ocrx_word' id='word_1_132' title='bbox 326 2087 346 2128; x_wconf 92' lang='lat' dir='ltr'>a</span> <span class='ocrx_word' id='word_1_133' title='bbox 360 2065 472 2128; x_wconf 91' lang='lat' dir='ltr'>Nonio</span> <span class='ocrx_word' id='word_1_134' title='bbox 488 2066 686 2150; x_wconf 85' lang='lat' dir='ltr'>consignata</span> <span class='ocrx_word' id='word_1_135' title='bbox 701 2087 732 2149; x_wconf 93' lang='lat' dir='ltr'>p.</span> <span class='ocrx_word' id='word_1_136' title='bbox 743 2065 814 2136; x_wconf 81' lang='lat'>406,</span> <span class='ocrx_word' id='word_1_137' title='bbox 824 2065 882 2137; x_wconf 87' lang='lat'>20,</span> <span class='ocrx_word' id='word_1_138' title='bbox 905 2063 941 2127; x_wconf 75' lang='lat' dir='ltr'>Si</span> <span class='ocrx_word' id='word_1_139' title='bbox 962 2087 1015 2125; x_wconf 84' lang='lat' dir='ltr'>rar</span> <span class='ocrx_word' id='word_1_140' title='bbox 1037 2083 1106 2124; x_wconf 86' lang='lat' dir='ltr'>carn</span> <span class='ocrx_word' id='word_1_141' title='bbox 1126 2069 1223 2124; x_wconf 79' lang='lat' dir='ltr'>scorto</span> 
     </span>
     <span class='ocr_line' id='line_1_17' title="bbox 105 2157 1225 2243; baseline -0.008 -17"><span class='ocrx_word' id='word_1_142' title='bbox 105 2164 297 2226; x_wconf 67' lang='lat' dir='ltr'>canuam-a</span> <span class='ocrx_word' id='word_1_143' title='bbox 316 2165 378 2240; x_wconf 79' lang='lat' dir='ltr'>ire,</span> <span class='ocrx_word' id='word_1_144' title='bbox 400 2164 492 2226; x_wconf 63' lang='lat' dir='ltr'>ohram</span> <span class='ocrx_word' id='word_1_145' title='bbox 511 2164 582 2226; x_wconf 79' lang='lat' dir='ltr'>ilico</span> <span class='ocrx_word' id='word_1_146' title='bbox 596 2163 743 2226; x_wconf 71' lang='lat' dir='ltr'>Abrlmtdr&#39;</span> <span class='ocrx_word' id='word_1_147' title='bbox 763 2163 866 2240; x_wconf 75' lang='lat' dir='ltr'>labeo,</span> <span class='ocrx_word' id='word_1_148' title='bbox 889 2163 1020 2224; x_wconf 64' lang='lat' dir='ltr'>maaca</span> <span class='ocrx_word' id='word_1_149' title='bbox 1039 2159 1121 2243; x_wconf 77' lang='lat' dir='ltr'>topar‘</span> <span class='ocrx_word' id='word_1_150' title='bbox 1134 2179 1172 2218; x_wconf 83' lang='lat' dir='ltr'>ae</span> <span class='ocrx_word' id='word_1_151' title='bbox 1185 2157 1225 2218; x_wconf 80' lang='lat' dir='ltr'>eit</span> 
     </span>
     <span class='ocr_line' id='line_1_18' title="bbox 104 2253 1222 2343; baseline -0.008 -20"><span class='ocrx_word' id='word_1_152' title='bbox 104 2261 219 2343; x_wconf 81' lang='lat' dir='ltr'>copia.</span> <span class='ocrx_word' id='word_1_153' title='bbox 242 2260 325 2323; x_wconf 88' lang='lat' dir='ltr'>satis</span> <span class='ocrx_word' id='word_1_154' title='bbox 347 2267 463 2322; x_wconf 91' lang='lat' dir='ltr'>notum</span> <span class='ocrx_word' id='word_1_155' title='bbox 484 2267 537 2322; x_wconf 88' lang='lat' dir='ltr'>est</span> <span class='ocrx_word' id='word_1_156' title='bbox 554 2283 764 2324; x_wconf 77' lang='lat' dir='ltr'>ruaruaercere</span> <span class='ocrx_word' id='word_1_157' title='bbox 785 2279 825 2322; x_wconf 90' lang='lat' dir='ltr'>eo</span> <span class='ocrx_word' id='word_1_158' title='bbox 839 2258 941 2323; x_wconf 93' lang='lat' dir='ltr'>modo</span> <span class='ocrx_word' id='word_1_159' title='bbox 958 2257 1084 2320; x_wconf 87' lang='lat' dir='ltr'>dixisse</span> <span class='ocrx_word' id='word_1_160' title='bbox 1094 2253 1222 2316; x_wconf 87' lang='lat' dir='ltr'>Varro·</span> 
     </span>
     <span class='ocr_line' id='line_1_19' title="bbox 103 2347 1301 2441; baseline -0.005 -21"><span class='ocrx_word' id='word_1_161' title='bbox 103 2378 187 2421; x_wconf 84' lang='lat' dir='ltr'>uem</span> <span class='ocrx_word' id='word_1_162' title='bbox 203 2355 246 2420; x_wconf 91' lang='lat' dir='ltr'>de</span> <span class='ocrx_word' id='word_1_163' title='bbox 261 2378 299 2420; x_wconf 90' lang='lat' dir='ltr'>re</span> <span class='ocrx_word' id='word_1_164' title='bbox 313 2357 442 2420; x_wconf 88' lang='lat' dir='ltr'>rustica</span> <span class='ocrx_word' id='word_1_165' title='bbox 456 2378 491 2430; x_wconf 91' lang='lat'>11,</span> <span class='ocrx_word' id='word_1_166' title='bbox 504 2356 576 2430; x_wconf 78' lang='lat' dir='ltr'>1‚l‚</span> <span class='ocrx_word' id='word_1_167' title='bbox 597 2355 1022 2441; x_wconf 57' lang='lat' dir='ltr'>divariare-prehendam</span> <span class='ocrx_word' id='word_1_168' title='bbox 1041 2377 1080 2418; x_wconf 79' lang='lat' dir='ltr'>aa</span> <span class='ocrx_word' id='word_1_169' title='bbox 1101 2351 1221 2418; x_wconf 78' lang='lat' dir='ltr'>conolo-</span> <span class='ocrx_word' id='word_1_170' title='bbox 1299 2347 1301 2354; x_wconf 77' lang='grc'><strong>’</strong></span> 
     </span>
     <span class='ocr_line' id='line_1_20' title="bbox 106 2450 1221 2540; baseline -0.007 -20"><span class='ocrx_word' id='word_1_171' title='bbox 106 2458 217 2520; x_wconf 63' lang='lat' dir='ltr'>damu</span> <span class='ocrx_word' id='word_1_172' title='bbox 235 2467 263 2518; x_wconf 80' lang='lat' dir='ltr'>et</span> <span class='ocrx_word' id='word_1_173' title='bbox 281 2466 540 2521; x_wconf 77' lang='lat' dir='ltr'>moruaercereat.</span> <span class='ocrx_word' id='word_1_174' title='bbox 562 2453 665 2540; x_wconf 89' lang='lat' dir='ltr'>idque</span> <span class='ocrx_word' id='word_1_175' title='bbox 686 2455 797 2539; x_wconf 91' lang='lat' dir='ltr'>ipsum</span> <span class='ocrx_word' id='word_1_176' title='bbox 811 2454 970 2520; x_wconf 82' lang='lat' dir='ltr'>Lucretio</span> <span class='ocrx_word' id='word_1_177' title='bbox 986 2451 1128 2516; x_wconf 85' lang='lat' dir='ltr'>reddam</span> <span class='ocrx_word' id='word_1_178' title='bbox 1141 2450 1176 2514; x_wconf 91' lang='lat' dir='ltr'>iu</span> <span class='ocrx_word' id='word_1_179' title='bbox 1190 2470 1221 2520; x_wconf 90' lang='lat' dir='ltr'>v,</span> 
     </span>
     <span class='ocr_line' id='line_1_21' title="bbox 109 2555 210 2618; baseline 0 0"><span class='ocrx_word' id='word_1_180' title='bbox 109 2555 210 2618; x_wconf 85' lang='lat'>1368.</span> 
     </span>
    </p>

    <p class='ocr_par' dir='ltr' id='par_1_5' title="bbox 101 2653 1219 3405">
     <span class='ocr_line' id='line_1_22' title="bbox 193 2653 1219 2727; baseline -0.007 -13"><span class='ocrx_word' id='word_1_181' title='bbox 193 2653 269 2726; x_wconf 85' lang='lat' dir='ltr'>v,2.</span> <span class='ocrx_word' id='word_1_182' title='bbox 292 2673 366 2714; x_wconf 82' lang='lat' dir='ltr'>rao</span> <span class='ocrx_word' id='word_1_183' title='bbox 396 2673 531 2715; x_wconf 76' lang='lat' dir='ltr'>aarum</span> <span class='ocrx_word' id='word_1_184' title='bbox 560 2673 813 2714; x_wconf 74' lang='lat' dir='ltr'>urarrsrarrs</span> <span class='ocrx_word' id='word_1_185' title='bbox 843 2673 974 2727; x_wconf 74' lang='lat' dir='ltr'>Arous</span> <span class='ocrx_word' id='word_1_186' title='bbox 1003 2666 1219 2712; x_wconf 72' lang='lat' dir='ltr'>narraris.</span> 
     </span>
     <span class='ocr_line' id='line_1_23' title="bbox 107 2745 1219 2834; baseline -0.01 -18"><span class='ocrx_word' id='word_1_187' title='bbox 107 2750 277 2816; x_wconf 87' lang='lat' dir='ltr'>Antonius</span> <span class='ocrx_word' id='word_1_188' title='bbox 291 2748 407 2822; x_wconf 88' lang='lat' dir='ltr'>Marii,</span> <span class='ocrx_word' id='word_1_189' title='bbox 429 2749 507 2812; x_wconf 89' lang='lat' dir='ltr'>item</span> <span class='ocrx_word' id='word_1_190' title='bbox 530 2748 608 2812; x_wconf 91' lang='lat' dir='ltr'>olim</span> <span class='ocrx_word' id='word_1_191' title='bbox 623 2747 777 2834; x_wconf 81' lang='lat' dir='ltr'>impressi</span> <span class='ocrx_word' id='word_1_192' title='bbox 793 2755 826 2812; x_wconf 89' lang='lat' dir='ltr'>et</span> <span class='ocrx_word' id='word_1_193' title='bbox 841 2747 1020 2821; x_wconf 85' lang='lat' dir='ltr'>Marullus,</span> <span class='ocrx_word' id='word_1_194' title='bbox 1041 2745 1219 2810; x_wconf 77' lang='lat' dir='ltr'>maiestatis-</span> 
     </span>
     <span class='ocr_line' id='line_1_24' title="bbox 106 2843 1219 2936; baseline -0.009 -23"><span class='ocrx_word' id='word_1_195' title='bbox 106 2873 167 2936; x_wconf 82' lang='lat' dir='ltr'>que</span> <span class='ocrx_word' id='word_1_196' title='bbox 180 2849 323 2934; x_wconf 76' lang='lat' dir='ltr'>repertis.</span> <span class='ocrx_word' id='word_1_197' title='bbox 345 2848 528 2911; x_wconf 90' lang='lat' dir='ltr'>Lambinus</span> <span class='ocrx_word' id='word_1_198' title='bbox 551 2868 625 2910; x_wconf 89' lang='lat' dir='ltr'>oum</span> <span class='ocrx_word' id='word_1_199' title='bbox 648 2868 685 2910; x_wconf 87' lang='lat' dir='ltr'>se</span> <span class='ocrx_word' id='word_1_200' title='bbox 706 2846 741 2910; x_wconf 92' lang='lat' dir='ltr'>in</span> <span class='ocrx_word' id='word_1_201' title='bbox 762 2867 860 2909; x_wconf 89' lang='lat' dir='ltr'>manu</span> <span class='ocrx_word' id='word_1_202' title='bbox 884 2846 1019 2931; x_wconf 85' lang='lat' dir='ltr'>seriptis</span> <span class='ocrx_word' id='word_1_203' title='bbox 1033 2845 1156 2929; x_wconf 89' lang='lat' dir='ltr'>partim</span> <span class='ocrx_word' id='word_1_204' title='bbox 1173 2843 1219 2904; x_wconf 84' lang='lat' dir='ltr'>ita</span> 
     </span>
     <span class='ocr_line' id='line_1_25' title="bbox 107 2941 1219 3030; baseline -0.011 -18"><span class='ocrx_word' id='word_1_205' title='bbox 107 2949 271 3030; x_wconf 83' lang='lat' dir='ltr'>seriptum</span> <span class='ocrx_word' id='word_1_206' title='bbox 292 2947 484 3028; x_wconf 83' lang='lat' dir='ltr'>repperisse</span> <span class='ocrx_word' id='word_1_207' title='bbox 507 2943 604 3019; x_wconf 89' lang='lat' dir='ltr'>dioit,</span> <span class='ocrx_word' id='word_1_208' title='bbox 628 2947 782 3016; x_wconf 75' lang='lat' dir='ltr'>maiestate</span> <span class='ocrx_word' id='word_1_209' title='bbox 803 2945 908 3029; x_wconf 75' lang='lat' dir='ltr'>bisque</span> <span class='ocrx_word' id='word_1_210' title='bbox 929 2946 1073 3028; x_wconf 81' lang='lat' dir='ltr'>repertis,</span> <span class='ocrx_word' id='word_1_211' title='bbox 1097 2941 1219 3024; x_wconf 92' lang='lat' dir='ltr'>partim</span> 
     </span>
     <span class='ocr_line' id='line_1_26' title="bbox 105 3035 1218 3126; baseline -0.012 -16"><span class='ocrx_word' id='word_1_212' title='bbox 105 3049 173 3119; x_wconf 88' lang='lat' dir='ltr'>ita,</span> <span class='ocrx_word' id='word_1_213' title='bbox 187 3045 341 3106; x_wconf 75' lang='lat' dir='ltr'>maiestate</span> <span class='ocrx_word' id='word_1_214' title='bbox 356 3054 444 3126; x_wconf 77' lang='lat' dir='ltr'>alque</span> <span class='ocrx_word' id='word_1_215' title='bbox 459 3042 602 3124; x_wconf 79' lang='lat' dir='ltr'>repertis,</span> <span class='ocrx_word' id='word_1_216' title='bbox 619 3040 712 3102; x_wconf 87' lang='lat' dir='ltr'>haud</span> <span class='ocrx_word' id='word_1_217' title='bbox 730 3041 831 3104; x_wconf 89' lang='lat' dir='ltr'>dubio</span> <span class='ocrx_word' id='word_1_218' title='bbox 846 3039 991 3102; x_wconf 79' lang='lat' dir='ltr'>fallitur:</span> <span class='ocrx_word' id='word_1_219' title='bbox 1007 3037 1067 3101; x_wconf 88' lang='lat' dir='ltr'>sod</span> <span class='ocrx_word' id='word_1_220' title='bbox 1083 3035 1218 3099; x_wconf 88' lang='lat' dir='ltr'>verissi-</span> 
     </span>
     <span class='ocr_line' id='line_1_27' title="bbox 105 3133 1218 3223; baseline -0.012 -16"><span class='ocrx_word' id='word_1_221' title='bbox 105 3163 196 3208; x_wconf 90' lang='lat' dir='ltr'>mum</span> <span class='ocrx_word' id='word_1_222' title='bbox 212 3147 294 3222; x_wconf 90' lang='lat' dir='ltr'>puto</span> <span class='ocrx_word' id='word_1_223' title='bbox 310 3138 404 3223; x_wconf 92' lang='lat' dir='ltr'>quod</span> <span class='ocrx_word' id='word_1_224' title='bbox 417 3141 490 3222; x_wconf 86' lang='lat' dir='ltr'>ipse</span> <span class='ocrx_word' id='word_1_225' title='bbox 507 3137 585 3201; x_wconf 92' lang='lat' dir='ltr'>mibi</span> <span class='ocrx_word' id='word_1_226' title='bbox 600 3137 736 3201; x_wconf 86' lang='lat' dir='ltr'>videtur</span> <span class='ocrx_word' id='word_1_227' title='bbox 751 3158 813 3200; x_wconf 88' lang='lat' dir='ltr'>sua</span> <span class='ocrx_word' id='word_1_228' title='bbox 827 3137 1021 3200; x_wconf 81' lang='lat' dir='ltr'>coniectura</span> <span class='ocrx_word' id='word_1_229' title='bbox 1036 3133 1218 3204; x_wconf 87' lang='lat' dir='ltr'>invenisse,</span> 
     </span>
     <span class='ocr_line' id='line_1_28' title="bbox 101 3232 1219 3327; baseline -0.011 -24"><span class='ocrx_word' id='word_1_230' title='bbox 101 3263 166 3327; x_wconf 80' lang='lat' dir='ltr'>pro</span> <span class='ocrx_word' id='word_1_231' title='bbox 179 3259 284 3301; x_wconf 82' lang='lat' dir='ltr'>reram</span> <span class='ocrx_word' id='word_1_232' title='bbox 299 3257 534 3299; x_wconf 71' lang='lat' dir='ltr'>urrssrarr</span> <span class='ocrx_word' id='word_1_233' title='bbox 551 3257 702 3311; x_wconf 71' lang='lat' dir='ltr'>niseus</span> <span class='ocrx_word' id='word_1_234' title='bbox 718 3237 860 3320; x_wconf 79' lang='lat' dir='ltr'>repertis.</span> <span class='ocrx_word' id='word_1_235' title='bbox 877 3255 955 3297; x_wconf 88' lang='lat' dir='ltr'>mox</span> <span class='ocrx_word' id='word_1_236' title='bbox 967 3233 1133 3315; x_wconf 84' lang='lat' dir='ltr'>oblongus</span> <span class='ocrx_word' id='word_1_237' title='bbox 1144 3232 1219 3314; x_wconf 80' lang='lat' dir='ltr'>quia</span> 
     </span>
     <span class='ocr_line' id='line_1_29' title="bbox 105 3337 297 3405; baseline -0.047 0"><span class='ocrx_word' id='word_1_238' title='bbox 105 3340 184 3405; x_wconf 75' lang='lat' dir='ltr'>talia</span> <span class='ocrx_word' id='word_1_239' title='bbox 198 3337 297 3400; x_wconf 80' lang='lat' dir='ltr'>uobis.</span> 
     </span>
    </p>

    <p class='ocr_par' dir='ltr' id='par_1_6' title="bbox 60 3425 1289 3918">
     <span class='ocr_line' id='line_1_30' title="bbox 192 3425 1218 3518; baseline -0.013 -18"><span class='ocrx_word' id='word_1_240' title='bbox 192 3437 220 3500; x_wconf 90' lang='lat'>5.</span> <span class='ocrx_word' id='word_1_241' title='bbox 243 3453 416 3511; x_wconf 71' lang='lat' dir='ltr'>oussrrs</span> <span class='ocrx_word' id='word_1_242' title='bbox 446 3456 597 3498; x_wconf 73' lang='lat' dir='ltr'>rasura</span> <span class='ocrx_word' id='word_1_243' title='bbox 625 3456 795 3510; x_wconf 81' lang='lat' dir='ltr'>nrourr.</span> <span class='ocrx_word' id='word_1_244' title='bbox 818 3433 856 3498; x_wconf 87' lang='lat' dir='ltr'>ln</span> <span class='ocrx_word' id='word_1_245' title='bbox 878 3432 1026 3518; x_wconf 89' lang='lat' dir='ltr'>oblongo</span> <span class='ocrx_word' id='word_1_246' title='bbox 1047 3425 1218 3494; x_wconf 78' lang='lat' dir='ltr'>recentior</span> 
     </span>
     <span class='ocr_line' id='line_1_31' title="bbox 105 3525 1289 3617; baseline -0.013 -17"><span class='ocrx_word' id='word_1_247' title='bbox 105 3557 243 3609; x_wconf 90' lang='lat' dir='ltr'>manus,</span> <span class='ocrx_word' id='word_1_248' title='bbox 257 3553 325 3596; x_wconf 91' lang='lat' dir='ltr'>non</span> <span class='ocrx_word' id='word_1_249' title='bbox 341 3532 467 3617; x_wconf 86' lang='lat' dir='ltr'>antiqui</span> <span class='ocrx_word' id='word_1_250' title='bbox 482 3533 570 3597; x_wconf 73' lang='lat' dir='ltr'>illius</span> <span class='ocrx_word' id='word_1_251' title='bbox 586 3534 806 3612; x_wconf 80' lang='lat' dir='ltr'>correctoris,</span> <span class='ocrx_word' id='word_1_252' title='bbox 829 3550 1133 3608; x_wconf 67' lang='lat' dir='ltr'>Qusrsrraoum</span> <span class='ocrx_word' id='word_1_253' title='bbox 1153 3525 1216 3588; x_wconf 88' lang='lat' dir='ltr'>ita·</span> <span class='ocrx_word' id='word_1_254' title='bbox 1284 3565 1289 3576; x_wconf 89' lang='lat'>.</span> 
     </span>
     <span class='ocr_line' id='line_1_32' title="bbox 106 3622 1215 3721; baseline -0.012 -23"><span class='ocrx_word' id='word_1_255' title='bbox 106 3656 173 3721; x_wconf 87' lang='lat' dir='ltr'>que</span> <span class='ocrx_word' id='word_1_256' title='bbox 195 3653 310 3696; x_wconf 85' lang='lat' dir='ltr'>omnes</span> <span class='ocrx_word' id='word_1_257' title='bbox 332 3640 469 3714; x_wconf 86' lang='lat' dir='ltr'>praeter</span> <span class='ocrx_word' id='word_1_258' title='bbox 484 3637 618 3696; x_wconf 84' lang='lat' dir='ltr'>veteres</span> <span class='ocrx_word' id='word_1_259' title='bbox 634 3633 861 3696; x_wconf 86' lang='lat' dir='ltr'>membranas.</span> <span class='ocrx_word' id='word_1_260' title='bbox 883 3631 916 3693; x_wconf 92' lang='lat' dir='ltr'>in</span> <span class='ocrx_word' id='word_1_261' title='bbox 932 3629 1087 3694; x_wconf 85' lang='lat' dir='ltr'>versibus</span> <span class='ocrx_word' id='word_1_262' title='bbox 1101 3622 1215 3708; x_wconf 86' lang='lat' dir='ltr'>proxi·</span> 
     </span>
     <span class='ocr_line' id='line_1_33' title="bbox 105 3723 1216 3818; baseline -0.015 -19"><span class='ocrx_word' id='word_1_263' title='bbox 105 3735 186 3808; x_wconf 87' lang='lat' dir='ltr'>mis,</span> <span class='ocrx_word' id='word_1_264' title='bbox 203 3752 289 3818; x_wconf 88' lang='lat' dir='ltr'>quos</span> <span class='ocrx_word' id='word_1_265' title='bbox 304 3731 502 3794; x_wconf 78' lang='lat' dir='ltr'>Lactantius</span> <span class='ocrx_word' id='word_1_266' title='bbox 517 3731 640 3794; x_wconf 85' lang='lat' dir='ltr'>recitat</span> <span class='ocrx_word' id='word_1_267' title='bbox 653 3731 756 3794; x_wconf 87' lang='lat' dir='ltr'>instit.</span> <span class='ocrx_word' id='word_1_268' title='bbox 773 3753 821 3803; x_wconf 87' lang='grc' dir='ltr'>ιιι,</span> <span class='ocrx_word' id='word_1_269' title='bbox 834 3729 925 3804; x_wconf 84' lang='grc'><strong>14,2,</strong></span> <span class='ocrx_word' id='word_1_270' title='bbox 941 3726 1130 3813; x_wconf 86' lang='lat' dir='ltr'>quadratus</span> <span class='ocrx_word' id='word_1_271' title='bbox 1144 3723 1216 3784; x_wconf 73' lang='lat' dir='ltr'>dau</span> 
     </span>
     <span class='ocr_line' id='line_1_34' title="bbox 60 3831 256 3918; baseline -0.026 -21"><span class='ocrx_word' id='word_1_272' title='bbox 60 3902 64 3910; x_wconf 27' lang='lat'><strong>¹</strong></span> <span class='ocrx_word' id='word_1_273' title='bbox 103 3831 256 3918; x_wconf 80' lang='lat' dir='ltr'>ipsesur&#39;t.</span> 
     </span>
    </p>

    <p class='ocr_par' dir='ltr' id='par_1_7' title="bbox 193 3924 1109 4009">
     <span class='ocr_line' id='line_1_35' title="bbox 193 3924 1109 4009; baseline -0.014 -17"><span class='ocrx_word' id='word_1_274' title='bbox 193 3928 239 3992; x_wconf 86' lang='lat'>12.</span> <span class='ocrx_word' id='word_1_275' title='bbox 261 3949 362 3992; x_wconf 76' lang='lat' dir='ltr'>auor:</span> <span class='ocrx_word' id='word_1_276' title='bbox 384 3947 586 3990; x_wconf 73' lang='lat' dir='ltr'>voosvrr.</span> <span class='ocrx_word' id='word_1_277' title='bbox 609 3925 684 3989; x_wconf 88' lang='lat' dir='ltr'>Itali</span> <span class='ocrx_word' id='word_1_278' title='bbox 700 3933 734 3989; x_wconf 89' lang='lat' dir='ltr'>et</span> <span class='ocrx_word' id='word_1_279' title='bbox 747 3924 901 4009; x_wconf 87' lang='lat' dir='ltr'>impressi</span> <span class='ocrx_word' id='word_1_280' title='bbox 917 3941 1109 3984; x_wconf 73' lang='lat' dir='ltr'>nocsvrr.</span> 
     </span>
    </p>

    <p class='ocr_par' dir='ltr' id='par_1_8' title="bbox 102 4014 1214 4212">
     <span class='ocr_line' id='line_1_36' title="bbox 193 4014 1214 4103; baseline -0.014 -13"><span class='ocrx_word' id='word_1_281' title='bbox 193 4027 237 4090; x_wconf 84' lang='lat'>14.</span> <span class='ocrx_word' id='word_1_282' title='bbox 253 4025 429 4100; x_wconf 79' lang='lat' dir='ltr'>Narrouu</span> <span class='ocrx_word' id='word_1_283' title='bbox 446 4046 587 4087; x_wconf 75' lang='lat' dir='ltr'>orans.</span> <span class='ocrx_word' id='word_1_284' title='bbox 603 4023 708 4088; x_wconf 89' lang='lat' dir='ltr'>lidem</span> <span class='ocrx_word' id='word_1_285' title='bbox 725 4024 872 4086; x_wconf 65' lang='lat' dir='ltr'>Crass</span> <span class='ocrx_word' id='word_1_286' title='bbox 889 4029 958 4085; x_wconf 88' lang='lat' dir='ltr'>turn</span> <span class='ocrx_word' id='word_1_287' title='bbox 971 4019 1137 4103; x_wconf 87' lang='lat' dir='ltr'>oblongus</span> <span class='ocrx_word' id='word_1_288' title='bbox 1139 4014 1214 4100; x_wconf 85' lang='lat' dir='ltr'>fru-</span> 
     </span>
     <span class='ocr_line' id='line_1_37' title="bbox 102 4121 922 4212; baseline -0.013 -21"><span class='ocrx_word' id='word_1_289' title='bbox 102 4149 214 4212; x_wconf 73' lang='lat' dir='ltr'>pesque</span> <span class='ocrx_word' id='word_1_290' title='bbox 228 4125 362 4210; x_wconf 80' lang='lat' dir='ltr'>liberque</span> <span class='ocrx_word' id='word_1_291' title='bbox 371 4144 496 4186; x_wconf 86' lang='lat' dir='ltr'>.·versu</span> <span class='ocrx_word' id='word_1_292' title='bbox 510 4122 547 4185; x_wconf 84' lang='lat'>21</span> <span class='ocrx_word' id='word_1_293' title='bbox 566 4121 754 4206; x_wconf 89' lang='lat' dir='ltr'>quadratus</span> <span class='ocrx_word' id='word_1_294' title='bbox 769 4122 922 4185; x_wconf 80' lang='lat' dir='ltr'>animam.</span> 
     </span>
    </p>

    <p class='ocr_par' dir='ltr' id='par_1_9' title="bbox 107 4221 1252 4498">
     <span class='ocr_line' id='line_1_38' title="bbox 189 4221 1252 4286; baseline -0.011 -1"><span class='ocrx_word' id='word_1_295' title='bbox 189 4223 238 4286; x_wconf 87' lang='lat'>30.</span> <span class='ocrx_word' id='word_1_296' title='bbox 260 4223 310 4285; x_wconf 85' lang='lat'>31.</span> <span class='ocrx_word' id='word_1_297' title='bbox 342 4221 488 4284; x_wconf 74' lang='lat' dir='ltr'>Tasro</span> <span class='ocrx_word' id='word_1_298' title='bbox 519 4241 648 4284; x_wconf 80' lang='lat' dir='ltr'>ornan</span> <span class='ocrx_word' id='word_1_299' title='bbox 678 4239 930 4283; x_wconf 81' lang='lat' dir='ltr'>onrrcsarur</span> <span class='ocrx_word' id='word_1_300' title='bbox 961 4237 1084 4280; x_wconf 76' lang='lat' dir='ltr'>nonis</span> <span class='ocrx_word' id='word_1_301' title='bbox 1113 4235 1213 4276; x_wconf 72' lang='lat' dir='ltr'>rau·</span> <span class='ocrx_word' id='word_1_302' title='bbox 1249 4267 1252 4274; x_wconf 89' lang='lat'>.</span> 
     </span>
     <span class='ocr_line' id='line_1_39' title="bbox 107 4319 1214 4392; baseline -0.012 -8"><span class='ocrx_word' id='word_1_303' title='bbox 107 4342 245 4384; x_wconf 75' lang='lat' dir='ltr'>nuans</span> <span class='ocrx_word' id='word_1_304' title='bbox 269 4319 705 4392; x_wconf 71' lang='lat' dir='ltr'>oonsurss&#39;suasorn,</span> <span class='ocrx_word' id='word_1_305' title='bbox 727 4335 1036 4389; x_wconf 75' lang='lat' dir='ltr'>nrsrourrsour</span> <span class='ocrx_word' id='word_1_306' title='bbox 1059 4329 1214 4375; x_wconf 72' lang='lat' dir='ltr'>russas</span> 
     </span>
     <span class='ocr_line' id='line_1_40' title="bbox 107 4414 1212 4498; baseline -0.014 -17"><span class='ocrx_word' id='word_1_307' title='bbox 107 4439 245 4494; x_wconf 71' lang='lat' dir='ltr'>Arous</span> <span class='ocrx_word' id='word_1_308' title='bbox 263 4435 415 4481; x_wconf 74' lang='lat' dir='ltr'>ismara</span> <span class='ocrx_word' id='word_1_309' title='bbox 432 4439 631 4481; x_wconf 81' lang='lat' dir='ltr'>rnorrra.</span> <span class='ocrx_word' id='word_1_310' title='bbox 648 4414 1212 4498; x_wconf 72' lang='lat' dir='ltr'>ItalietimpressiSrrurnrns.</span> 
     </span>
    </p>
   </div>
   <div class='ocr_carea' id='block_1_3' title="bbox 0 0 1490 5188">
    <p class='ocr_par' dir='ltr' id='par_1_10' title="bbox 0 0 1490 5188">
     <span class='ocr_line' id='line_1_41' title="bbox 0 0 1490 5188; baseline 0 7"><span class='ocrx_word' id='word_1_311' title='bbox 0 0 1490 5188; x_wconf 95' lang='lat' dir='ltr'> </span> 
     </span>
    </p>
   </div>
  </div>
 </body>
</html>
