2946 5188
631 490 646 556 l

75 681 217 746 ossaque
232 670 265 725 et
279 661 413 726 omnino
428 682 532 726 venas
547 662 718 748 partisque
733 663 878 736 cruoris,

75 777 127 840 fiet
139 777 189 840 uti
206 777 299 840 cibus
314 775 438 850 omnis,
450 785 484 840 et
498 774 612 841 aridus
626 783 661 839 et
675 776 784 861 liquor
797 777 884 864 ipse,
975 784 980 792 '

22 905 55 952 sot
76 911 112 953 ex
127 889 318 975 alienigenis
333 890 435 954 rebus
451 899 606 956 constare
621 897 772 977 putetur,

76 1005 203 1068 ossibus
219 1011 252 1068 et
267 1005 378 1068 nervis
392 1005 554 1090 venisque
570 1013 604 1068 et
619 1005 779 1090 sanguine
794 1006 912 1070 mixto.

78 1127 246 1204 praeterea
261 1140 346 1204 quae
362 1139 502 1203 cumque
518 1141 536 1182 e
551 1127 641 1183 terra
656 1140 800 1216 corpora
814 1129 969 1185 crescunt

77 1234 101 1295 si
114 1241 191 1297 sunt
205 1235 240 1296 in
254 1233 353 1298 terris
363 1282 371 1308 ‚
383 1242 505 1298 terram
520 1241 676 1298 constare
690 1245 864 1299 necessest

78 1367 114 1410 ex
127 1348 335 1433 alienigenis,
347 1369 432 1433 quae
448 1348 546 1413 terris
562 1348 772 1413 exoriuntur.

22 1473 58 1518 878
77 1461 214 1526 transfer
228 1462 306 1526 item
317 1511 324 1536 ‚
334 1460 473 1526 totidem
488 1462 600 1525 verbis
614 1470 710 1526 utare
725 1463 854 1528 licebit.

78 1574 107 1636 in
120 1574 215 1660 lignis
232 1576 260 1638 si
274 1574 402 1640 flamma
416 1575 499 1640 latet
512 1575 690 1662 fumusque
704 1577 869 1662 cinisque,

79 1709 115 1750 en
127 1688 318 1774 alienigenis
333 1691 517 1755 consistant
530 1691 620 1776 ligna
633 1699 821 1756 necessest.

79 1810 247 1885 praeterea
260 1803 359 1868 tellus
374 1825 460 1889 quae
475 1825 620 1891 corpora
634 1828 774 1892 cumque
789 1807 864 1882 alit,
876 1817 977 1894 auget

81 1935 115 1978 ex
128 1917 317 2002 alienigenis
328 1967 335 1994 ‚
345 1939 430 2003 quae
446 1919 636 2004 alienigenis
651 1921 817 1985 oriuntur.

39 2043 62 2086 75
113 2029 286 2118 Linquitur
299 2031 355 2094 hic
370 2031 532 2116 quaedam
546 2033 698 2098 latitandi
712 2035 810 2120 copia
823 2037 947 2112 tenvis,

82 2143 110 2206 id
123 2145 212 2228 quod
228 2146 446 2232 Anaxagoras
460 2147 522 2211 sibi
537 2151 654 2224 sumit,
665 2156 702 2212 ut
716 2150 869 2215 omnibus
884 2151 989 2214 omnis

83 2279 127 2322 res
139 2269 237 2345 putet
250 2261 404 2326 inmixtas
418 2263 519 2326 rebus
534 2263 681 2338 latitare,
692 2262 754 2327 sed
768 2261 851 2326 illud

83 2392 234 2457 apparere
248 2395 348 2439 unum
358 2425 366 2450 ‚
378 2376 472 2440 cuius
488 2377 555 2440 sint
568 2378 710 2462 plurima
723 2377 826 2440 mixta

83 2497 112 2550 et
123 2491 222 2576 magis
237 2490 271 2552 in
285 2497 443 2576 promptu
457 2490 630 2577 primaque
644 2491 678 2554 in
692 2489 804 2554 fronte
817 2490 943 2555 locata.

33 2613 66 2656 ‚oo
84 2602 164 2684 qood
176 2611 288 2669 tamen
303 2625 418 2668 avora
430 2605 528 2691 longe
542 2606 672 2670 ratione
687 2605 903 2692 repulsumst.

85 2720 292 2784 conveniebat
307 2719 393 2784 enim
406 2719 521 2806 fruges
537 2741 672 2806 quoque
687 2741 805 2806 saepe,
815 2721 936 2785 minaci

86 2831 191 2898 robore
206 2855 282 2897 oum
297 2834 371 2898 saxi
384 2832 600 2920 franguntur,
611 2835 741 2899 mittere
756 2835 883 2920 signum

86 2949 240 3032 unguinis
255 2955 314 3013 aut
327 2947 452 3033 aliquid
462 2997 470 3022 ‚
480 2955 599 3013 nostro
615 2969 702 3034 quae
716 2969 858 3033 corpore
873 2949 1021 3024 aluntur3

87 3079 148 3124 cum
160 3061 263 3149 lapidi
277 3060 422 3150 lapidem
435 3064 591 3136 terimus,
602 3083 736 3125 manare
751 3081 917 3124 cruorem.

37 3185 68 3227 *a
86 3178 230 3242 consimili
244 3177 373 3241 ratione
387 3176 511 3240 herbas
526 3196 661 3262 quoque
676 3195 777 3259 saepe
791 3172 934 3240 decebat

88 3297 115 3352 ot
125 3289 226 3356 laticis
241 3290 349 3355 dulcis
358 3299 477 3378 guttas
492 3289 652 3374 similique
668 3309 790 3376 sapore

87 3402 219 3482 mittere,
230 3405 397 3491 lanigerae
412 3405 502 3491 quali
516 3411 595 3470 snnt
609 3405 712 3470 ubere
725 3403 841 3478 lactis,
884 3397 887 3406 ’

88 3517 215 3595 scilicet,
228 3526 262 3583 et
276 3520 381 3606 glebis
397 3529 560 3583 terrarum
574 3539 675 3605 saepe
690 3517 796 3582 friatis

88 3627 249 3699 herbarum
263 3655 388 3721 genera
403 3642 436 3698 et
449 3632 563 3718 fruges
578 3630 784 3716 frondesque
799 3629 903 3695 videri

40 3755 71 3794 oo
88 3741 247 3831 dispertita
261 3751 349 3812 inter
363 3757 486 3812 terram
502 3747 631 3810 latitare
646 3747 785 3820 minute,

87 3869 241 3940 postremo
256 3864 290 3926 in
303 3863 401 3948 lignis
416 3862 559 3924 cinerem
572 3859 764 3945 fumumque
777 3855 900 3938 videri,

89 3991 149 4038 cum
162 3977 351 4062 praefracta
363 3977 491 4052 forent,
502 3974 656 4060 ignisque
668 3974 773 4038 latere
788 3973 947 4036 minutos.

90 4105 214 4176 quornm
228 4091 275 4155 nil
289 4091 360 4155 fieri
374 4091 529 4176 quoniam
546 4087 721 4153 manifesta
735 4087 837 4152 docet
850 4107 921 4163 res,

92 4269 277 4286 ffi-

92 4371 131 4418 ssill
147 4375 269 4444 sanieque
285 4373 296 4442 ll
315 4374 410 4425 mixta.
429 4371 439 4441 ll
457 4375 506 4423 874
525 4386 592 4440 quae
609 4367 688 4438 lignis
711 4366 722 4438 ΙΙ
746 4373 794 4420 882
813 4385 872 4420 cum
890 4369 916 4420 in
942 4369 953 4440 ll
975 4374 1023 4422 884
1043 4369 1069 4422 in
1086 4367 1199 4438 lapidem

92 4457 196 4508 tenemus
213 4455 224 4526 ῃ
243 4461 293 4510 885
311 4455 401 4509 herbis
420 4457 430 4525 ΙΙ
449 4458 499 4508 888
517 4451 609 4508 latices
628 4451 638 4520 ΙΙ
656 4455 706 4504 890
724 4451 750 4503 in
767 4452 777 4520 ll
798 4456 847 4504 888
865 4467 909 4505 res
927 4459 1061 4506 malaeum.
