2970 5268
262 483 311 554 98
803 477 851 548 111

260 659 296 721 in
309 677 346 720 se
360 656 500 720 animam
516 661 619 740 atque
631 653 666 718 in
681 673 740 718 eos
754 653 880 737 poterit
894 651 1097 718 concludere
1110 661 1235 728 motus,

189 789 237 836 57⁵
261 793 347 858 quos
362 776 440 834 ante
454 771 488 834 io
501 768 614 834 nervis
630 768 710 832 etin
724 769 800 855 ipso
814 787 959 852 corpore
972 767 1111 852 agebat.

261 907 366 972 quare
381 864 480 948 etiam
493 891 596 968 atque
611 882 709 946 etiam
722 883 873 948 resoluto
887 881 1040 966 corporis
1056 881 1144 946 omni

203 987 205 992 ¹
260 999 404 1087 tegmine
419 1006 453 1062 et
468 997 581 1062 eiectis
596 1003 692 1062 extra
704 997 861 1062 vitalibus
875 995 965 1060 auris

260 1113 399 1179 dissolui
415 1133 535 1178 aeneus
549 1111 647 1175 animi
660 1109 787 1176 fateare
801 1093 975 1175 necessest

258 1239 361 1314 atque
376 1228 531 1301 animam,
543 1226 700 1311 quoniam
714 1227 925 1290 coniunctast
940 1243 1040 1288 causa
1054 1223 1201 1288 duobus.

188 1361 236 1408 asc
299 1343 452 1428 Denique
467 1363 541 1406 cum
557 1361 681 1426 corpus
697 1349 843 1424 nequeat
855 1339 1005 1426 p'erferre
1020 1339 1138 1402 animai

258 1455 451 1530 discidium,
463 1456 543 1541 quin
558 1455 592 1518 in
606 1461 715 1520 taetro
730 1456 882 1518 tabescat
896 1453 1020 1526 odore,

259 1571 341 1658 quid
357 1570 490 1634 dubitas
505 1571 586 1655 quin
600 1590 643 1632 ex
657 1569 723 1632 imo
738 1563 939 1654 penitusque
955 1578 1073 1633 coorta

259 1685 421 1750 emanarit
435 1684 483 1747 uti
496 1682 606 1748 fumus
621 1683 743 1748 diffusa
756 1685 884 1748 animae
898 1683 966 1754 vis,

258 1808 360 1885 atque
374 1795 452 1862 ideo
467 1806 561 1862 tenta
575 1807 736 1862 mutatum
750 1807 849 1884 putre
863 1797 959 1860 ruina

186 1931 234 1980 555
258 1911 443 1979 conciderit
457 1933 597 1999 eorpus,
608 1913 741 1998 penitus
756 1913 835 1998 quia
847 1919 939 1976 mota
952 1911 1027 1974 loeo
1043 1919 1123 1975 sunt

257 2027 492 2102 fundamenta,
503 2027 596 2092 foras
610 2037 765 2092 manante
780 2028 890 2092 anima·
901 2047 1009 2111 usque
1023 2046 1084 2112 per
1098 2034 1193 2090 artus

255 2165 383 2231 perque
398 2143 526 2207 viarum
541 2141 646 2206 omnia
660 2141 766 2206 flexus
775 2189 784 2217 ‚
793 2143 828 2205 in
843 2161 986 2228 corpore
1001 2140 1169 2224 quisunt,

256 2266 358 2344 atque
372 2256 559 2322 foramina?
570 2255 773 2322 multimodis
787 2265 825 2320 ut
840 2276 980 2320 noscere
995 2255 1105 2339 possis

256 2373 464 2461 dispertitam
479 2372 606 2436 animae
619 2381 771 2436 naturam
787 2373 895 2436 exisse
909 2391 971 2456 per
985 2377 1096 2439 artus,

184 2501 233 2548 aaa
256 2493 291 2550 et
305 2488 398 2574 prius
413 2507 486 2552 esse
501 2487 563 2550 sibi
579 2485 774 2550 distractam
788 2507 932 2570 corpore
946 2486 980 2549 in
995 2485 1086 2571 ipso,

255 2619 354 2682 quam
368 2599 529 2686 prolapsa
542 2599 634 2663 foras
650 2612 766 2664 enaret
778 2600 813 2662 in
827 2600 913 2664 aeris
928 2621 1042 2664 auras.

254 2713 335 2797 quin
351 2713 447 2776 etiam
462 2713 536 2776 finis
551 2713 630 2778 dum
645 2715 733 2778 vitoe
747 2707 889 2778 vertitur
903 2714 1007 2790 intra,

253 2847 355 2912 saepe
371 2827 481 2910 aliqua
494 2836 604 2892 tamen
620 2849 638 2892 e
654 2849 755 2894 causa
769 2828 933 2894 labefacta
948 2828 1082 2894 videtur

253 2940 302 3004 ire
316 2941 425 3005 anima
439 2959 478 3004 ac
494 2950 567 3006 toto
582 2943 667 3008 solui
682 2943 725 3008 de
741 2965 884 3032 corpore
899 2944 1005 3018 velle,

181 3069 230 3117 aaa
252 3064 287 3121 et
301 3054 396 3142 quasi
411 3076 566 3142 supremo
580 3057 796 3144 languescere
811 3067 962 3144 tempore
977 3058 1104 3130 voltus,

251 3171 428 3256 molliaque
444 3172 605 3256 exsangui
622 3181 739 3238 trunco
755 3173 877 3238 cadere
892 3174 1001 3238 omnia
1014 3173 1175 3237 membra.

251 3283 344 3368 quod
358 3305 464 3370 genus
480 3293 549 3359 est,
560 3286 669 3349 ιιιιίιιιο
685 3287 907 3351 malefactum
922 3311 997 3352 cum
1010 3286 1207 3373 perhibetur

251 3405 309 3461 aut
323 3398 463 3468 animam
478 3397 615 3482 liquisse
625 3421 633 3473 ;
644 3398 700 3460 ubi
714 3399 777 3461 iam
792 3400 980 3485 trepidatur
995 3411 1029 3466 et
1043 3422 1158 3465 omues

250 3519 432 3574 extremum
449 3511 587 3594 cupiunt
601 3511 690 3576 vitae
704 3512 974 3597 repraehendere
988 3516 1147 3581 vinclum:

176 3639 226 3688 600
249 3633 493 3708 conquassatur
507 3623 593 3687 caim
609 3633 679 3690 tum
691 3647 785 3690 meus
799 3627 994 3714 animaeque
1009 3640 1162 3715 potestas

248 3739 371 3813 omnis,
383 3746 418 3803 et
431 3738 515 3802 haec
528 3739 604 3824 ipso
620 3761 694 3804 oum
709 3761 853 3825 corpore
867 3743 1006 3808 conlabe
1020 3743 1119 3820 fiunt3

245 3862 284 3916 ut
297 3853 431 3938 gravior
445 3853 545 3938 paulo
561 3854 670 3939 possit
684 3854 870 3922 dissolvere
886 3879 1002 3923 eausa.

245 3965 328 4051 quid
344 3965 478 4032 dubitas
491 3967 626 4034 tandem
642 3970 720 4055 quin
738 3980 833 4036 extra
848 3972 983 4059 prodita
997 3996 1120 4062 corpus

245 4287 294 4334 574
313 4281 380 4334 Sese
399 4281 484 4334 anion
512 4282 521 4349 Η
549 4289 597 4334 576
618 4283 693 4347 Quae
718 4289 728 4354 {l
747 4292 796 4338 578
815 4285 909 4340 satiare
927 4289 937 4354 Η
956 4295 1006 4342 580
1024 4305 1126 4358 nequeo
1144 4291 1154 4358 ll
1174 4295 1223 4341 582
1242 4306 1274 4342 ea
1292 4292 1346 4343 imo
1365 4295 1375 4360 ll

245 4369 293 4416 583
312 4365 398 4416 anima
411 4365 481 4416 eius.
500 4367 509 4434 Η
531 4371 579 4417 585
598 4379 704 4420 rnaraant
717 4370 870 4438 animaeque
888 4371 897 4438 Η
917 4376 966 4423 594
984 4389 1099 4442 corpore
1112 4375 1199 4426 omnia
1214 4373 1347 4426 membra.
1366 4377 1375 4442 ll

243 4451 292 4496 596
312 4448 436 4513 casaagui
456 4447 466 4515 l!
485 4457 579 4500 trunco
597 4459 730 4506 uariarum.
749 4454 759 4518 ΙΙ
780 4459 828 4504 597
847 4453 964 4521 peribat.
