2970 5268
638 475 702 546 1111

56 671 81 714 ιι
108 671 250 737 corpora
263 672 319 715 res
334 651 474 726 multae,
485 651 604 737 partim
621 649 739 716 diffusa
755 651 880 725 solute,

105 768 229 832 robora
243 787 305 831 ceu
317 764 444 830 fumum
458 767 594 830 mittunt
607 767 770 852 ignesque
784 785 959 850 vaporem,

107 889 139 944 et
152 882 274 966 partim
289 889 448 946 contexta
462 881 566 966 magis
581 879 837 964 condensaque,
847 889 886 944 ut
901 881 978 944 olim

9 991 10 1020 ¹
108 1017 180 1059 cum
196 995 313 1060 teretis
327 1008 459 1081 ponunt
474 996 604 1060 tunicas
618 1003 746 1059 aestate
761 992 912 1068 cicadae,

108 1117 138 1173 et
151 1109 247 1174 vituli
262 1131 335 1174 cum
350 1111 560 1174 membranas
576 1109 618 1173 de
634 1130 776 1194 corpore
791 1129 918 1174 summo

9 1231 10 1280 ἴ
57 1243 83 1286 ιο
109 1235 286 1290 nascentes
299 1225 452 1301 mittunt,
464 1233 498 1289 et
510 1225 588 1288 item
604 1245 677 1288 oum
693 1223 822 1288 lubrica
836 1245 975 1309 serpens

9 1331 10 1386 3
108 1339 198 1402 exuit
212 1339 245 1402 in
262 1340 366 1427 spinis
381 1347 526 1404 vestem:
537 1360 613 1402 nam
629 1359 730 1424 saepe
745 1337 898 1402 videmus

9 1439 10 1524 ζ
104 1455 237 1528 ¹illorum
252 1453 367 1541 spoliis
381 1475 504 1540 vepres
518 1453 735 1519 volitantibus
750 1461 882 1517 auctas:

107 1591 193 1656 quae
209 1569 366 1654 quoniam
379 1569 481 1643 fiunt,
492 1569 602 1633 tenuis
617 1589 753 1654 quoque
769 1567 871 1632 debet
882 1567 992 1652 imago

107 1685 148 1748 ab
163 1684 266 1748 rebus
281 1683 384 1758 mitti,
395 1704 523 1747 summo
538 1681 581 1746 de
596 1704 738 1770 corpore
752 1703 878 1746 rerum.

59 1815 82 1859 ιι
108 1821 182 1863 ιιιιιιι
199 1821 259 1864 cur
273 1797 330 1862 illa
344 1797 469 1862 cadant
482 1799 586 1884 magis
600 1799 643 1863 ab
657 1798 825 1882 rebusque
840 1792 1001 1860 recedant

108 1933 208 1998 quam
222 1933 309 1998 quae
323 1914 436 1977 tenvia
450 1921 545 1988 sunt,
556 1911 741 1977 hiscendist
754 1911 846 1975 nulia
859 1919 1027 2000 potestas3

106 2028 305 2114 praesertim
319 2048 393 2118 cum
409 2028 524 2090 sintin
538 2029 672 2094 summis
687 2047 832 2112 corpora
845 2027 946 2091 rebus

108 2143 211 2207 multa
225 2142 366 2218 minuta,
376 2142 438 2206 iaci
455 2163 540 2227 quae
556 2143 686 2228 possint
701 2139 818 2206 ordine
834 2139 953 2204 eodem

108 2279 175 2343 quo
191 2255 332 2332 fuerint,
344 2267 378 2321 et
391 2255 509 2322 formai
524 2275 658 2320 servare
673 2256 826 2341 figuram,

59 2388 83 2434 ιο
108 2381 140 2436 et
153 2372 261 2436 multo
277 2371 390 2446 citius,
403 2379 529 2456 quanto
544 2371 652 2434 minus
665 2369 855 2455 indupediri

109 2509 217 2574 pauca
232 2494 360 2571 queunt
374 2497 408 2549 et
423 2505 509 2570 quae
524 2493 603 2548 sunt
618 2485 722 2572 prima
735 2484 846 2550 fronte
861 2481 988 2549 locata.

109 2623 185 2665 nam
200 2607 291 2664 certe
305 2601 414 2664 iacere
429 2621 468 2663 ac
482 2600 595 2687 largiri
609 2600 712 2664 multa
725 2599 893 2675 videmus,

109 2737 177 2779 non
193 2714 299 2810 solum
315 2736 358 2778 ex
372 2714 440 2779 alto
454 2715 654 2814 penitusque
665 2763 672 2791 ‚
683 2723 720 2778 ut
736 2714 878 2778 diximus
893 2721 987 2789 ante,
1067 2713 1072 2797 Ι

109 2851 226 2894 verum
242 2828 284 2893 de
300 2831 435 2894 summis
449 2829 556 2916 ipsum
572 2851 707 2915 quoque
722 2849 823 2914 saepe
839 2830 999 2894 colorem.

9 2971 10 2980 ι
61 2959 84 3004 :5
110 2953 142 3008 et
155 2943 260 3029 volgo
275 2944 403 3008 faciunt
416 2943 449 3007 id
465 2943 556 3008 lutea
569 2963 734 3026 russaque
749 2943 825 3006 vela

110 3067 142 3123 et
154 3056 344 3144 ferrugine,
356 3079 429 3122 cum
439 3107 446 3130 ,
458 3057 585 3143 magnis
598 3059 730 3120 intenta
744 3055 900 3127 theatris,

9 3211 10 3214 ι
110 3196 172 3260 per
185 3173 292 3237 malos
308 3173 443 3260 volgata
457 3171 639 3255 trabesque
654 3170 831 3233 trementia
843 3168 980 3232 ssutant:

9 3303 10 3306 ’
110 3309 256 3374 namque
269 3288 314 3352 ibi
330 3307 524 3374 consessum
539 3285 653 3349 caveai
669 3292 786 3371 supter
801 3290 834 3348 et
849 3303 977 3347 omnem

111 3403 246 3467 scaenai
261 3401 405 3487 speciem
418 3401 566 3487 pulcram
582 3399 774 3484 variumque
790 3397 946 3462 decorem

62 3531 87 3576 so
113 3517 265 3582 inficiunt
279 3523 470 3602 coguntque
485 3537 547 3580 suo
561 3515 690 3592 fluitare
706 3514 836 3578 colore:

113 3640 146 3695 et
162 3639 290 3716 quanto
305 3631 428 3694 circum
442 3651 537 3715 mage
553 3639 631 3694 sunt
645 3637 788 3716 angusta
802 3627 926 3692 theatri

9 3733 10 3814 s
113 3746 244 3809 moenia
253 3793 261 3820 ,
271 3753 340 3809 tam
353 3745 457 3830 magis
471 3744 556 3807 haec
569 3745 660 3808 intus
676 3742 811 3830 perfusa
825 3741 941 3827 lepore

115 3861 224 3924 omnia
239 3857 417 3926 conrident
431 3865 589 3944 correpta
602 3857 676 3920 luce
691 3856 774 3920 diei.

116 3995 195 4062 ergo
210 3975 313 4040 lintea
327 3972 370 4036 de
385 3993 513 4037 summo
529 3993 602 4035 cum
618 3991 760 4057 corpore
774 3971 886 4035 fucum

66 4102 92 4147 8⁵
120 4090 270 4168 mittunt,
283 4087 409 4174 effigias
424 4107 559 4172 quoque
574 4084 700 4164 debent
713 4085 845 4150 mittere
859 4083 969 4148 tenvis

121 4373 152 4418 63
170 4365 240 4419 debe
257 4367 268 4435 ti
291 4373 324 4420 68
343 4384 447 4421 eorum.
474 4369 485 4438 11
512 4375 541 4420 71
562 4385 630 4438 quae
647 4373 781 4422 umbram.
809 4367 819 4435 41
846 4369 877 4418 72
897 4366 985 4438 iorgii-i
1014 4368 1024 4434 Η
1051 4373 1082 4419 77
1102 4365 1210 4418 fluctus.
1237 4361 1248 4429 ΙΙ

124 4454 155 4500 79
173 4449 286 4503 Scaenal
303 4450 314 4518 li
332 4459 436 4521 patrum
454 4457 619 4521 matrumque
636 4451 760 4505 deorum.
778 4453 789 4519 u
808 4455 838 4504 tl
859 4449 1002 4504 inclaustra
