3034 5204
261 463 331 532 212
801 461 850 529 Vl

260 638 475 724 conpluunt,
487 657 608 724 magno
623 633 839 722 indignantur
853 656 1019 698 murmure
1035 635 1138 700 clausi

258 753 402 818 nubibus
411 803 419 830 ,
428 754 462 817 in
478 751 656 836 caveisque
670 751 815 815 ferarum
829 771 922 815 more
935 751 1117 826 minantur,

258 890 348 932 nunc
361 867 439 931 hinc
454 888 541 931 nunc
555 866 644 930 illine
658 865 807 930 fremitus
822 885 883 950 per
897 865 1009 930 nubila
1024 867 1170 940 mittunt,

187 1000 237 1046 200
259 992 526 1068 quaerentesque
540 980 626 1046 viam
641 981 764 1044 circum
779 989 973 1055 versantur,
984 987 1018 1043 et
1031 980 1117 1065 ignis

258 1098 384 1161 semina
398 1096 602 1160 convolvunt
617 1117 635 1158 e
650 1095 793 1159 nubibus
808 1103 910 1181 atque
925 1095 972 1158 ita
987 1104 1113 1179 cogunt

257 1211 362 1275 multa
371 1259 379 1286 ‚
389 1216 570 1294 rotantque
584 1211 675 1275 cavis
690 1209 851 1274 flammam
866 1209 1059 1274 fornacibus
1073 1210 1176 1286 intus,

218 1379 220 1384 .
258 1325 368 1390 donec
383 1322 514 1390 divolsa
527 1325 693 1390 fulserunt
706 1325 795 1389 nube
810 1326 955 1388 corusci.

298 1439 372 1503 Hae
388 1439 487 1503 etiam
501 1439 540 1503 fit
552 1440 602 1503 uti
617 1438 659 1502 de
675 1459 776 1504 causa
790 1439 919 1504 mobilis
934 1439 989 1503 ille

186 1571 236 1617 200
259 1553 394 1618 devolet
407 1555 441 1617 in
457 1561 578 1617 terram
593 1553 709 1638 liquidi
725 1554 819 1619 color
833 1575 953 1619 aureus
967 1556 1069 1640 ignis,

256 1669 383 1732 semina
397 1666 489 1752 quod
504 1668 609 1732 nubes
624 1667 715 1752 ipsas
729 1669 895 1754 permulta
908 1678 1085 1734 necessust

256 1782 341 1868 ignis
355 1781 497 1846 hebere:
510 1782 632 1845 etenim
648 1803 720 1846 cum
737 1791 816 1847 sunt
829 1805 945 1846 umore
960 1783 1032 1846 siue
1046 1783 1132 1858 ullo,

255 1896 424 1960 flammeus
439 1903 491 1958 est
504 1895 701 1981 plerumque
716 1897 810 1961 colos
826 1907 859 1961 et
874 1895 1071 1984 splendidus
1086 1899 1177 1963 ollis:

257 2010 337 2096 quin
353 2010 450 2073 etiam
465 2009 545 2072 solis
560 2008 603 2073 de
618 2010 740 2076 lumine
754 2011 857 2076 multa
871 2019 1044 2076 necessest

184 2144 233 2189 210
255 2121 448 2210 concipere,
459 2131 496 2187 ut
510 2125 629 2189 merito
644 2126 788 2189 rubeant
801 2126 963 2212 ignesque
977 2125 1196 2212 profundant.
1247 2209 1255 2224 .

255 2240 357 2303 hasce
372 2238 472 2324 igitur
487 2259 561 2302 oum
576 2251 698 2302 ventus
714 2259 816 2324 agens
831 2241 998 2304 contrusit
1011 2242 1045 2304 iu
1060 2263 1162 2305 unum

256 2353 520 2439 compressitque
536 2351 645 2416 locum
660 2373 802 2438 cogens,
814 2375 975 2440 expresse
989 2355 1198 2441 profundunt

255 2469 396 2543 semina,
408 2487 495 2551 qnae
508 2465 637 2530 faciunt
650 2466 800 2532 flammeo
814 2467 943 2553 fulgore
960 2471 1105 2534 colores.

255 2582 351 2667 fulgit
364 2582 441 2645 item
453 2629 461 2655 ‚
472 2602 546 2644 cum
560 2590 737 2645 rarescunt
751 2601 886 2666 quoque
902 2585 1014 2648 nubila
1028 2585 1123 2648 caeli.

183 2713 231 2758 210
254 2717 329 2760 nam
345 2715 419 2758 oum
434 2701 554 2758 ventus
570 2714 627 2756 cas
642 2694 760 2758 leviter
776 2693 906 2760 diducit
921 2697 1028 2761 euntis

255 2808 492 2893 dissoluitque‚
504 2806 629 2871 cadant
642 2808 779 2894 ingratis
795 2809 850 2873 illa
863 2821 1035 2876 necessest

255 2924 379 2986 semina
395 2943 481 3008 quae
495 2921 622 2986 faciunt
636 2922 816 3009 fulgorem:
828 2932 897 2988 tum
912 2924 983 2988 sine
999 2933 1106 2990 taetro

253 3047 383 3114 terrore
399 3045 433 3101 et
447 3025 559 3101 sonitu
572 3036 670 3124 fulgit
684 3037 842 3124 nulloque
857 3040 1017 3105 tumultu.

294 3151 396 3232 Quod
410 3173 512 3238 super
527 3159 595 3226 est,
608 3152 698 3237 quali
712 3162 832 3219 natura
846 3155 1000 3242 praedita
1015 3163 1171 3220 constent

180 3284 229 3330 220
251 3267 404 3342 fulmina,
417 3266 591 3330 declarent
605 3267 674 3330 ictu
688 3267 763 3332 loca
776 3269 904 3346 inusta,
915 3271 1051 3354 vaporis

254 3377 365 3466 signa,
378 3389 545 3465 notaeque
560 3382 673 3465 gravis
687 3381 830 3445 halantis
845 3382 990 3470 sulpuris
1005 3403 1118 3448 auras:

252 3495 337 3580 ignis
354 3493 438 3557 enim
453 3501 533 3556 sunt
546 3493 630 3556 hece
645 3515 713 3556 non
727 3496 819 3558 venti
834 3497 929 3581 signa
943 3519 1053 3583 nequo
1068 3499 1195 3564 imbris.

252 3617 426 3695 praeterea
441 3627 543 3692 saepe
557 3605 749 3671 accendunt
765 3630 897 3695 quoque
912 3619 1002 3676 tecta
1017 3611 1190 3678 domorum

254 3731 287 3785 et
301 3699 400 3785 celeri
413 3719 544 3785 flamma
558 3720 771 3786 dominantur
784 3725 817 3787 in
833 3725 973 3791 aedibus
987 3728 1082 3812 ipsis.

180 3853 228 3898 220
251 3835 340 3899 hunc
356 3835 414 3899 tibi
429 3835 583 3899 subtilem
599 3835 799 3921 cumprimis
814 3841 945 3925 ignibus
960 3843 1069 3927 ignem

254 4183 303 4232 199
321 4177 428 4234 fremitu
451 4181 527 4250 11201
549 4189 713 4237 comissum.
741 4183 751 4252 11
778 4189 826 4236 205
845 4182 946 4254 0010211
966 4190 1014 4237 207
1034 4183 1114 4255 Ignes
1132 4188 1142 4257 11
1162 4192 1211 4240 208
1230 4187 1381 4261 Flamensq,

251 4261 406 4333 plerumque
423 4264 433 4330 11
453 4261 515 4315 olis.
535 4264 545 4332 11
564 4269 614 4316 200
635 4263 741 4336 Quippe
760 4268 827 4320 enirn
854 4266 865 4335 11
888 4273 937 4320 210
956 4267 1063 4321 iubeant
1081 4270 1092 4338 11
1110 4275 1159 4323 210
1178 4269 1281 4340 fulgere
1300 4273 1309 4339 11
1329 4279 1381 4325 210

250 4346 379 4416 ingratius
399 4347 408 4416 11
432 4351 481 4398 218
499 4347 573 4399 sonis
599 4347 610 4416 11
637 4354 686 4400 219
706 4349 925 4419 (1001100000000.
953 4350 963 4418 11
991 4356 1040 4403 220
1059 4353 1113 4407 ictu
1131 4360 1158 4406 et
1177 4354 1263 4408 inusta
1290 4355 1300 4423 11
1328 4361 1378 4409 221

249 4429 334 4482 euris.
353 4431 364 4496 11
383 4433 431 4480 223
451 4445 481 4482 se
