3034 5204
231 467 251 528 6
694 483 867 529 secessio

229 639 322 702 renis
337 635 380 700 dc
394 633 637 720 bnguaLatina
652 633 758 698 libros
772 634 856 719 (hoe
871 637 958 700 enim
973 639 1057 702 satis
1074 647 1227 724 constat)
1241 643 1340 730 legis·

230 743 299 810 set,
314 733 384 798 salli
398 731 496 796 facile
511 731 622 815 potuit
635 733 676 798 iis
692 733 826 819 quaein
842 733 928 798 libro
945 736 1063 820 quinto
1078 738 1264 805 invenisset
1274 741 1342 810 hoc

228 831 329 896 modo
345 831 489 915 scripta,
504 833 533 894 A
549 853 611 916 qua
625 831 770 917 bipartito
783 832 926 897 diuisione
936 833 1099 898 Lteereliur
1111 857 1235 900 aarum
1251 840 1343 902 unius

229 939 257 992 et
272 930 380 1013 eipinli
398 929 544 992 utrorum
564 930 684 994 initium
697 931 777 1018 feeit
790 931 861 1006 boc,
877 932 1013 997 Aetheris
1028 945 1055 998 et
1069 944 1167 1000 terroe
1179 937 1342 1020 penitudile

229 1049 375 1113 quaerere
393 1036 526 1111 derupta.
550 1035 643 1093 certe
662 1029 697 1092 in
716 1029 803 1094 libro
824 1031 1049 1096 Laurentiano
1070 1031 1175 1118 plutei
1194 1055 1287 1096 xxxv
1298 1035 1340 1098 30

230 1131 338 1188 totum
352 1125 501 1189 Lucretii
522 1147 655 1190 carmen
677 1129 889 1194 continetur:
909 1129 937 1194 is
953 1139 1063 1195 autem
1077 1131 1160 1196 liber
1174 1151 1274 1196 manu
1288 1132 1338 1217 ip-

230 1223 300 1288 sius
308 1221 556 1288 NicolaiNicoli
565 1225 648 1288 civis
656 1223 856 1302 florentini,
869 1229 1244 1316 quiLucretiumPoggii
1253 1229 1338 1294 dno-

232 1321 340 1388 decim
363 1322 459 1386 annis
481 1321 574 1408 apud
594 1345 632 1388 sc
652 1331 831 1400 tenuerat,
851 1327 1001 1413 scriptus
1023 1349 1097 1394 esse
1117 1329 1339 1394 existimatur.

146 1449 148 1456 ,
234 1420 327 1506 quod
347 1420 375 1484 si
394 1440 511 1484 verum
535 1429 603 1498 est,
624 1423 725 1488 huius
739 1423 888 1499 Nicolai‚
909 1427 967 1509 qui
983 1426 1132 1494 decessit
1145 1447 1233 1491 anno
1250 1425 1342 1496 1437.

231 1540 300 1583 non
314 1538 456 1605 magnae
469 1520 505 1583 in
515 1519 673 1585 Lucretio
690 1520 900 1586 emendando
916 1521 1054 1588 fuerunt
1064 1535 1200 1611 partes:
1215 1533 1345 1590 tantum

234 1619 320 1682 enim
335 1618 423 1693 scio,
438 1618 515 1682 libri
529 1619 627 1704 primi
638 1641 771 1684 versum
788 1621 866 1684 1068
879 1627 913 1683 ct
924 1623 1097 1704 proximos
1108 1626 1144 1688 in
1154 1624 1222 1688 hoc
1234 1615 1362 1689 exem·¹

234 1715 320 1800 plari
336 1715 530 1780 dimidiatos
545 1716 627 1803 legi,
642 1738 705 1780 nce
721 1716 943 1781 dubitandum
960 1727 1013 1782 est
1028 1721 1107 1804 quin
1122 1722 1227 1785 multo
1241 1729 1276 1784 et
1288 1743 1346 1784 au-

235 1813 352 1879 dacior
374 1822 408 1878 et
428 1815 633 1900 ingeniosior
654 1816 721 1879 hoc
742 1816 849 1900 primo
872 1825 996 1879 conatu
1018 1817 1203 1882 diorthosis
1223 1819 1281 1882 illa
1300 1820 1347 1882 sit

235 1935 334 2000 quum
360 1915 453 1978 soleo
477 1923 535 1979 aut
557 1914 752 2001 simpliciter
775 1915 887 1980 doctis
908 1913 1048 1978 Irnnre
1073 1923 1133 1980 aut
1154 1917 1346 2002 Aarouro

235 2014 363 2084 Manu
384 2013 469 2088 filie,
493 2015 558 2078 civi
578 2021 613 2078 et
633 2015 767 2079 notario
781 2013 995 2090 Florentino,
1016 2013 1228 2091 adscribere,
1250 2015 1347 2080 cuius

234 2133 349 2188 manu,
366 2133 466 2198 qnam
481 2134 518 2178 se
532 2113 639 2200 probe
654 2133 820 2200 cognosse
835 2112 1077 2188 adseverabat,
1088 2111 1255 2179 Henricus
1266 2113 1347 2179 Kei-

235 2211 315 2284 lius‚
329 2211 381 2274 vir
396 2211 628 2288 doctissimus,
645 2212 795 2277 codicem
807 2213 1069 2277 Laurentianum
1082 2213 1229 2278 eiusdem
1241 2212 1347 2299 plutei

236 2309 377 2396 primum
398 2318 433 2376 et
453 2312 657 2376 tricesimum
672 2313 762 2376 circa
776 2332 900 2376 aunum
916 2311 996 2376 1440
1011 2311 1174 2398 scriptum
1188 2333 1262 2376 esse
1277 2319 1348 2375 tum

237 2407 338 2481 dixit,
358 2430 433 2472 curn
450 2410 530 2474 milri
553 2412 624 2474 eius
639 2409 716 2475 libri
731 2409 850 2475 utendi
873 2412 1090 2494 (excusserat
1105 2410 1191 2474 enim
1206 2431 1280 2474 eum
1295 2416 1348 2473 to·

236 2506 323 2589 tum)
340 2507 470 2592 copiam
481 2507 579 2571 fecit.
593 2507 674 2572 huic
685 2507 858 2572 simillimis
870 2508 1116 2592 exemplaribus
1126 2507 1349 2573 Michahelem

236 2604 433 2678 Marullum,
454 2601 496 2666 de
516 2622 583 2687 quo
597 2603 686 2668 infra
701 2603 827 2678 dicam,
848 2625 945 2669 usum
961 2625 1036 2668 esse
1050 2603 1263 2668 manifestum
1279 2614 1349 2669 est:

237 2703 299 2768 sed
311 2703 435 2778 cidem,
452 2721 526 2765 cum
536 2699 641 2766 libros
653 2703 835 2789 impressos
846 2723 924 2766 raro
936 2703 1118 2788 inspiceret
1128 2703 1250 2786 (neque
1263 2704 1350 2768 enim

238 2801 336 2866 sacilc
352 2799 486 2864 Gisanio
509 2799 650 2864 credere
671 2821 809 2884 possum
824 2801 960 2866 Marulli
973 2800 1079 2886 ipsius
1093 2821 1193 2863 manu
1207 2811 1351 2866 annota-

239 2909 309 2964 tum
331 2898 434 2962 luisse
456 2896 540 2962 illud
562 2897 732 2984 exemplar
752 2900 949 2986 impressum
973 2897 1066 2984 quod
1088 2919 1126 2962 se
1141 2900 1183 2963 ab
1198 2897 1352 2965 Iohanne

240 2999 409 3062 Sambuco
429 2996 591 3061 utendum
612 2996 785 3082 accepisse
806 2997 958 3082 scribit),
981 2995 1047 3060 elia
1061 3003 1200 3083 praesto
1215 2996 1353 3063 fuerunt

240 3097 347 3160 minus
362 3094 558 3170 emendata,
572 3094 640 3158 hoc
655 3102 708 3160 cst
723 3093 881 3179 antiquae
896 3095 1073 3182 archetypi
1087 3094 1242 3160 lectionis
1257 3103 1351 3160 tena-

241 3195 351 3258 ciora.
368 3201 470 3278 atque
486 3215 528 3257 cx
542 3193 609 3257 hoc
622 3194 698 3278 ipso
713 3191 851 3256 rudiore
867 3211 907 3256 ac
920 3192 1055 3256 maioris
1065 3192 1145 3258 fidei
1155 3215 1277 3281 genere
1288 3193 1353 3258 suit

241 3293 277 3357 id
293 3291 386 3378 quod
401 3291 476 3356 libri
491 3313 588 3355 01111
604 3311 795 3354 rnrnnssr
810 3291 952 3353 maxime
967 3289 1086 3353 imitati
1102 3299 1199 3355 sunt.
1214 3289 1250 3354 hi
1265 3292 1352 3354 enim

242 3413 315 3456 cum
332 3393 413 3456 etin
430 3391 501 3454 aliis
516 3391 619 3454 rebus
634 3386 805 3474 plerisque
821 3388 902 3452 etin
918 3387 1052 3452 duobus
1066 3387 1142 3455 libri
1156 3389 1254 3473 primi
1272 3389 1351 3474 (157

246 3492 315 3574 158)
327 3491 503 3574 tribusque
513 3485 654 3552 secundi
665 3487 820 3551 versibus
831 3485 1134 3572 (eea-494),quos
1145 3484 1273 3550 habent
1282 3486 1351 3550 An·

242 3589 355 3652 tonius
370 3585 471 3651 Marii
492 3592 526 3649 et
539 3583 722 3659 Marullus,
744 3581 939 3648 omittendis
960 3583 1049 3648 inter
1069 3605 1107 3648 se
1125 3585 1352 3660 consentiant,

242 3687 487 3752 Biarxrensrs
503 3690 615 3750 autem
626 3682 753 3760 editor,
769 3683 827 3768 qui
837 3677 1187 3748 Lucretium‘Thoma
1197 3682 1354 3750 h‘erando

244 3779 394 3851 auctore'
411 3781 535 3858 edidit,
549 3784 683 3848 unicum
700 3783 870 3872 exemplar
883 3785 919 3848 in
932 3803 1050 3848 manus
1065 3803 1144 3847 suas
1159 3783 1355 3869 pervenisse

244 3889 398 3959 testetur,
409 3891 511 3969 atque
523 3883 594 3946 eius
610 3881 767 3948 editionis
779 3882 951 3969 exemplar
958 3884 1043 3968 (eam
1051 3889 1131 3967 post
1141 3901 1265 3946 annum
1275 3883 1355 3946 1473

245 3983 369 4047 saetam
390 3990 515 4068 negant
537 3981 594 4067 qui
616 3981 687 4046 cius
708 3981 812 4047 hodie
831 3983 865 4046 iu
883 3988 958 4047 toto
974 3983 1058 4044 orbe
1072 3981 1137 4044 tria
1152 3981 1356 4068 exemplaria
1392 3988 1397 3996 '

116 4147 129 4164 ‚
246 4103 424 4166 superesse
439 4079 732 4156 demonstrarunt,
747 4080 963 4146 utDibdinus
978 4080 1012 4142 in
1023 4077 1237 4144 Bibliotheca
1248 4079 1354 4166 Spen-

246 4180 396 4255 ceriana,
411 4187 503 4244 tomo
520 4201 544 4242 11
561 4205 592 4267 p.
604 4180 674 4265 149)
690 4179 752 4245 sed
767 4201 842 4244 cum
855 4178 1031 4242 Brixiense
1045 4178 1172 4242 nullum
1186 4177 1356 4264 exemplar

249 4277 564 4343 Vnaoueusmus
589 4299 628 4342 ac
653 4279 833 4342 Veneris
859 4277 1085 4365 typographis
1110 4283 1227 4342 notum
1252 4276 1356 4341 fuisse

248 4385 382 4443 constet
395 4378 429 4463 (ii
445 4385 525 4440 sunt
535 4377 661 4442 Paulus
672 4375 919 4462 Fridenberger
931 4382 965 4440 et
975 4375 1181 4440 Theodorus
1192 4375 1236 4441 de
1246 4375 1356 4462 Baga·

250 4477 406 4552 zonibuS,
427 4476 504 4542 anni
527 4483 638 4542 eutem
661 4475 845 4541 editionum
864 4473 943 4540 1486
966 4481 1001 4540 et
1018 4473 1130 4557 1495),
1155 4473 1355 4540 crediderim
