3034 5198
285 491 331 558 96
824 487 854 556 11

283 665 360 739 30,4
375 664 537 728 Lueretius
552 673 650 728 antem
664 661 879 748 dicitjialminn
889 683 928 726 er
938 663 1061 726 mitanas
1070 663 1233 728 remeabunt
1244 675 1400 745 condere,

283 765 352 827 ideo
359 761 564 848 penetrabilia
578 783 646 824 esse.

367 860 437 924 384.
461 879 699 922 enarrarre
722 878 925 922 rutmors
951 879 1102 922 ronan.
1125 857 1324 937 Quadratus
1350 885 1400 925 ee-

283 958 517 1044 lestisfirlmine.
533 961 706 1020 corrector
722 953 860 1039 oblongi
874 975 1085 1018 ronanus.

366 1055 436 1120 387.
456 1077 474 1118 s
494 1077 634 1119 morus
655 1074 782 1118 osrus
798 1074 1013 1129 rneoaour
1030 1073 1224 1118 asserus.
1239 1052 1319 1118 Non
1333 1075 1398 1140 po-

282 1155 348 1220 tuit
361 1153 427 1218 hoo
440 1154 549 1218 minus
566 1151 738 1238 eleganter
753 1149 837 1214 dioi.
854 1156 959 1234 potta
974 1151 1112 1236 scripsit
1125 1153 1204 1236 ι’φιίι
1218 1153 1332 1216 Noster
1346 1153 1400 1218 aa

282 1279 298 1317 e
317 1255 406 1340 lipna's
425 1273 530 1316 oraru
543 1252 692 1338 taedaque
706 1259 826 1314 creatas
840 1297 847 1312 .
870 1248 1021 1314 similiter
1034 1249 1070 1312 in
1084 1272 1129 1324 vr,
1137 1249 1199 1314 909
1212 1249 1397 1336 legendum

249 1387 253 1394 ·
282 1373 356 1417 osse
370 1350 559 1416 videbimus
574 1349 754 1434 Mapnelnm
768 1348 870 1436 pnifit
876 1349 991 1433 patriis
1004 1348 1160 1436 infinibus
1173 1359 1250 1412 oreo.

363 1449 433 1514 390.
455 1469 607 1524 arquos
629 1468 782 1510 seruos
806 1467 1027 1523 naasson.
1057 1447 1196 1511 Atrius
1218 1455 1396 1512 corrector

281 1547 439 1634 quadrati
454 1553 489 1609 et
502 1544 688 1609 Brixiensis
703 1543 824 1608 editio.

362 1643 433 1708 396.
460 1663 656 1708 sirourrn
683 1663 892 1718 persora.
922 1628 1394 1726 Correotores'antiquissimi
1496 1647 1497 1650 ’

281 1762 476 1806 smenon.

362 1839 434 1902 401.
455 1859 585 1902 roroo
608 1857 903 1913 rraroapurrr
925 1859 1001 1901 orn
1022 1837 1392 1922 suoraspudMa-

279 1937 448 2010 crottum,
464 1934 521 2020 qui
534 1933 588 1998 his
603 1933 710 1998 utitur
722 1933 759 1998 in
769 1932 905 1998 Saturn.
914 1957 958 2010 vr,
970 1935 983 1998 1
994 1945 1203 2021 ‚pertorquet
1219 1936 1329 2003 oratio
1345 1937 1392 2000 le-

278 2037 354 2102 nius
370 2033 544 2106 decurret,
559 2032 586 2096 si
603 2033 789 2096 scribemus
798 2043 1011 2120 pertorquent.
1027 2031 1090 2098 sed
1104 2041 1219 2116 potest
1228 2032 1310 2098 ferri
1318 2057 1391 2119 pen-

278 2146 325 2199 lor
424 2180 432 2194 .

325 2144 432 2296 quilii.
448 2251 576 2306 Arous
593 2249 800 2294 rorunnrs
817 2277 824 2292 .
840 2228 897 2292 Sio
911 2227 988 2293 libri
1002 2230 1113 2292 nostri
1128 2249 1281 2314 semper,
1297 2239 1390 2294 certe

276 2331 386 2416 prima
398 2349 516 2392 manu.
531 2326 634 2392 semel
649 2325 808 2411 quadrati
822 2327 971 2410 scriptor
985 2327 1121 2390 rotandis
1134 2327 1169 2390 in
1179 2349 1210 2400 v,
1218 2326 1297 2392 455.
1309 2325 1336 2390 F
1338 2349 1389 2393 ss·

275 2437 333 2492 tus
346 2449 378 2513 p.
386 2425 457 2501 262,
466 2425 507 2489 26
523 2425 703 2490 Ηιιωιιάαιη
717 2426 837 2499 aedem,
854 2431 889 2489 et
902 2425 1054 2489 similiter
1066 2447 1099 2508 p.
1108 2424 1222 2500 250,31
1234 2473 1242 2489 .
1256 2423 1389 2490 Nonius

245 2547 247 2552 ¹
275 2547 308 2611 p.
317 2525 358 2588 60
373 2525 552 2588 naman
572 2546 592 2584 a
611 2533 679 2586 rota
698 2523 810 2586 dictam
825 2533 882 2600 est,
901 2523 950 2586 vel
961 2535 1029 2588 rota
1042 2545 1064 2586 a
1077 2523 1208 2588 manendo
1223 2530 1285 2588 eto.
1299 2522 1389 2590 idem

275 2643 308 2707 p.
320 2621 378 2685 164
398 2621 541 2685 Rotunda
558 2620 689 2704 postem
711 2621 873 2704 elipanler,
896 2623 1040 2685 concinne
1060 2621 1108 2686 nel
1129 2621 1247 2686 collecte
1269 2629 1333 2686 eto.
1354 2625 1389 2686 in
1498 2607 1499 2632 ¹

275 2720 443 2784 Varronis
466 2718 509 2783 de
532 2718 647 2803 lingua
665 2717 788 2782 Latina
809 2717 896 2782 libro
917 2741 939 2782 v
950 2741 983 2804 p.
992 2718 1032 2782 43
1055 2719 1205 2804 Stopnnm
1219 2743 1245 2788 n
1270 2719 1387 2801 Greeo,

275 2819 358 2906 qnod
370 2819 395 2880 n·
417 2815 522 2902 (Flor.
534 2816 623 2902 qnod.
636 2817 677 2900 ιι.)
697 2816 828 2889 crerntn
844 2819 926 2904 qnod
938 2841 998 2880 non
1012 2818 1100 2882 tabet
1111 2820 1240 2882 dmum.
1262 2818 1333 2882 tino
1347 2821 1391 2884 ed

274 2917 363 2981 villas
376 2916 511 2980 numida
524 2925 653 2999 stayner,
676 2915 759 3002 qnod
770 2916 937 2978 mandam
942 2914 1097 3002 facillime
1112 2917 1242 2980 omuinet
1249 2965 1258 2995 ,
1282 2917 1389 3002 anquli

274 3015 406 3079 maniam
419 3015 574 3078 Ιαὺοναηί.
590 3019 626 3076 et
639 3011 689 3077 sio
700 3032 849 3098 semper.
866 3033 909 3077 ex
919 3011 991 3076 eius
1003 3019 1121 3076 satura
1130 3012 1262 3078 Nonius
1273 3034 1306 3098 p.
1314 3012 1387 3088 552,

273 3111 314 3177 30
328 3112 448 3187 553,10
466 3112 562 3191 Οιιιηι
575 3122 717 3176 orerentur
731 3133 800 3174 enm
813 3111 953 3174 rutunda
967 3111 1067 3175 velites
1080 3113 1157 3174 leves
1163 3113 1303 3196 parmis,
1320 3113 1387 3174 An-

272 3213 420 3295 teeipnani
439 3210 599 3296 quadratis
619 3209 841 3292 mnlnsipnihm
862 3207 956 3292 (libri
977 3209 1078 3272 maltis
1097 3210 1280 3294 insipns'bra)
1304 3211 1387 3274 uoti.

271 3309 351 3372 item
371 3309 406 3372 in
428 3305 577 3371 eiusdem
592 3305 757 3370 Varronis
776 3327 888 3370 rerum
903 3305 1106 3371 rusticarum
1122 3306 1305 3392 exemplari
1318 3306 1387 3372 hoo

271 3404 471 3470 vocabulum
484 3423 587 3486 saepe
597 3402 645 3466 ita
657 3402 820 3487 seriptum
830 3402 897 3489 legi
904 3402 1093 3468 Politianus
1108 3411 1270 3478 testatur,
1282 3405 1385 3480 1‚51‚1

271 3501 436 3566 wlnodum
450 3509 485 3564 et
498 3500 647 3578 malado,
669 3521 716 3573 ιιι,
726 3498 754 3574 5,
766 3499 803 3564 12
817 3503 983 3582 mmndne,
1005 3525 1054 3578 ιιι,
1066 3501 1163 3578 16,18
1176 3503 1327 3567 nanda.
1343 3523 1388 3568 ex

271 3599 337 3664 hoo
351 3597 428 3662 Itali
443 3596 597 3661 fecerunt
611 3598 746 3678 nitendo.

353 3693 423 3759 403.
446 3715 653 3758 ruooroar
676 3717 827 3759 rnorar
852 3719 1056 3762 rossunr.
1076 3699 1151 3764 Itali
1173 3706 1208 3764 et
1227 3701 1385 3784 impressi

270 3815 445 3860 rucunoe
462 3791 533 3877 (vel
542 3811 655 3876 prava
670 3793 913 3860 consuetudine
928 3799 1075 3882 iocunde)
1091 3819 1294 3862 retrorsa.

293 3898 296 3906 '
352 3890 1340 3981 413.Nos1a1susororrrs.NaugeriusMoa1a1aos.

352 3989 421 4053 414.
437 4012 674 4054 rrnrrnasa
695 4013 843 4057 roras.
870 3993 1052 4058 Correetor
1076 3993 1234 4078 quadrati
1257 4015 1384 4058 rora·

208 4105 212 4112 ·
268 4108 416 4161 ranno,
434 4085 550 4172 itaque
565 4087 731 4154 Antonius
746 4088 962 4154 Florentinus
978 4097 1012 4154 et
1025 4089 1210 4156 Brixiensis
1226 4090 1339 4156 editio.

350 4181 420 4248 421.
435 4183 520 4247 Aur
537 4205 669 4250 aoros
685 4209 828 4251 srsora
844 4210 885 4251 or
901 4211 1138 4264 russosque
1154 4211 1382 4254 vmanros.

140 4365 142 4372 y
267 4281 464 4364 Quadratus
478 4281 534 4345 hio
549 4282 753 4369 semelseda.
768 4305 832 4369 pro
847 4287 880 4349 di
894 4284 1026 4372 syllaba
1038 4296 1212 4353 censetor
1224 4287 1384 4373 quadrati

266 4380 438 4467 feeitsedi,
450 4380 619 4446 Antonius
631 4381 729 4446 Marii
740 4383 794 4468 qni
804 4383 895 4461 olidi,
908 4384 985 4448 olim
995 4385 1149 4470 impressi
1162 4385 1240 4450 caeli
1247 4431 1256 4462 ,
1267 4386 1383 4449 Avan-
