2972 5188
646 511 696 582 IV
1153 515 1222 582 265

115 689 256 774 exponit
266 688 429 754 adverbia
440 687 599 773 optandi,
614 688 727 773 qualia
737 695 818 752 suut
827 692 945 774 ruinam
960 694 995 752 et
1004 689 1109 754 celim.
1125 687 1224 753 huius

114 787 221 852 verba
249 786 396 862 subieci,
424 805 510 870 quae
532 785 783 850 Lindemannus
804 786 900 850 uncie
930 785 1102 852 includere
1125 807 1224 871 quam

115 883 295 949 emendare
309 885 443 949 maluit.
462 883 612 971 optandi,
626 888 744 950 retinam
756 887 873 964 emat,
886 886 975 950 velim
989 897 1109 952 currat.
1131 909 1225 973 paam

113 984 294 1048 volunlatem
315 984 405 1048 dubio
426 981 566 1068 (legitur
577 983 710 1069 paradeo)
724 985 904 1068 proximam
918 1005 980 1047 ease
994 1007 1063 1048 oran
1078 985 1224 1062 dcimam,

113 1091 148 1143 at
165 1081 265 1165 (Aen.
277 1103 299 1156 1,
308 1080 386 1166 626)
404 1075 514 1169 ‘Seque
534 1093 633 1148 ortum
653 1085 780 1169 orttiqao
799 1083 984 1146 Teucrorum
1003 1106 1024 1146 a
1040 1085 1132 1168 stiipe
1145 1085 1223 1148 vole·

113 1178 186 1254 aa:
200 1181 274 1243 votis
288 1201 350 1243 esse
364 1201 535 1266 corriperem
550 1181 716 1244 oredimm.
730 1182 833 1267 itaque
846 1181 985 1270 aecfidei
999 1183 1225 1246 cornmiaaonan

112 1275 250 1340 voluutas
270 1276 355 1360 (hoc
371 1288 424 1342 est
437 1277 521 1342 illud
534 1280 643 1362 voco)
663 1280 784 1365 aequius
798 1279 937 1354 accessit,
958 1290 992 1343 at
1004 1302 1059 1343 nos
1081 1278 1223 1364 (legitur

115 1374 192 1457 aon)
212 1376 245 1438 ia
266 1399 303 1440 ea
314 1399 430 1461 parere
449 1376 590 1463 (legitur
600 1379 742 1463 praeter)
762 1378 926 1455 iudicium,
946 1379 1084 1464 quamvis
1102 1379 1225 1441 mattam

113 1495 170 1536 neo
183 1473 386 1558 adscriptum,
405 1485 540 1539 votorum
554 1475 626 1539 solis
639 1476 753 1540 aiaibrcs
766 1486 796 1540 et
806 1476 929 1540 indiciis
943 1475 1083 1561 (legitur
1097 1486 1125 1540 et
1137 1475 1224 1539 bute·

105 1571 209 1658 ficiis)
225 1571 430 1636 credamus.

198 1669 267 1734 989.
291 1691 340 1732 nr
362 1691 539 1734 annuas.
562 1670 745 1736 Corrector
759 1670 897 1757 oblongi
912 1671 1089 1756 depalmia,
1108 1672 1224 1756 itaque

112 1767 282 1832 Antonius
290 1767 497 1844 Marii,item
507 1768 583 1833 olim
596 1769 751 1855 impressi
761 1769 1223 1834 etMarullus.reotiusLam-
1269 1759 1277 1778 “
1357 1811 1360 1822 t

113 1865 214 1930 binus
228 1867 265 1930 de
278 1887 430 1930 raoni.

198 1964 269 2028 990.
290 1965 377 2028 Aur
400 1986 521 2041 Qunsr
544 1985 795 2030 caecemus
824 1985 1077 2030 rarnraorra
1099 1986 1223 2030 saara

114 2081 282 2138 oorrrr.
304 2061 622 2128 HicWakelieldum
640 2064 761 2140 miror,
783 2066 841 2149 qui
854 2063 1042 2128 Bentleium
1057 2065 1164 2129 solum
1179 2063 1224 2128 ad

113 2159 205 2224 hunc
213 2181 348 2224 versum
360 2159 542 2225 offendisse
551 2159 660 2236 dicat,
671 2181 746 2224 cum
753 2163 1074 2247 praeterAvantium
1086 2168 1122 2226 et
1128 2161 1224 2226 Pium

112 2265 196 2342 post
216 2257 396 2322 Marullum
418 2277 534 2321 omnes
556 2256 776 2323 offenderint.
805 2267 991 2325 astantem
1011 2260 1224 2325 manifestum

112 2377 204 2440 saepe
218 2358 315 2442 quiete
328 2356 363 2419 in
377 2355 468 2421 hunc
482 2377 616 2420 versum
632 2378 651 2420 a
664 2358 820 2442 proximo
835 2357 963 2441 (verum
975 2359 1061 2424 enim
1072 2358 1224 2424 ordinem

112 2452 280 2518 Marullus
289 2452 450 2535 restituit)
460 2473 523 2536 per
533 2453 746 2518 librariorum
757 2475 905 2520 errorem
917 2455 1065 2520 venisse.
1075 2455 1225 2520 Lucretii

112 2551 235 2626 verba,
257 2571 343 2636 quae
363 2571 405 2616 ex
425 2550 511 2614 libro
526 2573 562 2626 ιι,
571 2549 631 2614 263
647 2559 764 2637 petere
776 2551 959 2617 Lambinus
972 2552 1102 2618 frustra
1115 2560 1223 2639 temp·

113 2649 216 2724 tavit,
235 2648 409 2734 perierunt
423 2669 486 2712 nec
499 2655 645 2734 possunt
660 2657 753 2714 certa
768 2651 964 2716 coniectura
977 2651 1154 2738 reprendi.
1175 2653 1225 2717 rei

115 2749 293 2814 conveniet
307 2749 445 2834 colliyere
459 2759 573 2813 aalma
586 2746 642 2812 val
656 2748 784 2834 aliquid
799 2751 870 2814 eius
885 2749 993 2815 modi.

197 2847 268 2912 993.
288 2847 362 2922 Er,
387 2847 475 2912 1002.
496 2847 570 2912 Ur.
592 2848 646 2912 Ita
661 2848 771 2914 codex
784 2856 945 2934 uterquc.

198 2945 268 3010 995.
291 2967 396 3010 runa
423 2967 676 3022 ounsrnnrra
704 2968 908 3010 orunaur.
938 2944 1120 3010 Cor-rector
1142 2967 1223 3031 qua·

114 3044 205 3108 droti
220 3045 309 3130 qimai
322 3043 436 3106 diddo.
451 3041 527 3105 Itali
542 3063 673 3106 ruoaa
687 3043 777 3128 quusi
791 3063 962 3106 croire.

198 3139 269 3203 996.
284 3159 492 3203 nrscussrs
514 3159 701 3202 urnuaur
718 3159 979 3203 sennonteus
994 3160 1044 3202 an
1061 3161 1119 3202 ss.
1136 3140 1224 3204 Tur·

113 3238 223 3303 nebus
244 3256 489 3300 canonieus.
951 3225 974 3311 ¹,

198 3333 268 3399 997.
283 3336 341 3399 Ao
358 3355 569 3399 consecra
585 3356 701 3398 nour.
716 3332 948 3399 Wakefieldus
963 3343 1103 3400 caumata
1117 3335 1223 3414 doma,

114 3432 221 3498 dandi
242 3453 340 3507 casu,
361 3453 460 3517 quem
481 3432 561 3497 huic
580 3434 688 3497 verbo
704 3433 899 3498 adiunctum
914 3439 993 3497 ante
1009 3431 1225 3498 Columellam

113 3551 184 3595 non
194 3531 328 3595 invenio
339 3578 345 3593 .
358 3530 556 3605 ablativum,
568 3531 598 3594 si
609 3529 770 3596 credibile
781 3529 1036 3606 est,Tcrentius
1046 3530 1179 3596 addidit
1189 3533 1223 3596 in

114 3627 282 3714 Adelphis
296 3652 340 3704 ιν,
350 3629 378 3704 5,
388 3629 445 3702 32,
461 3630 583 3715 patilla
598 3631 748 3694 emeruerit
754 3630 860 3714 prior,
881 3628 916 3692 id
937 3636 990 3706 cst
1007 3630 1064 3714 qui
1079 3652 1153 3693 eum
1168 3630 1225 3694 illa

46 3801 49 3808 ⁶
115 3729 242 3793 suevit.
265 3735 356 3792 certe
372 3727 580 3814 admlsactam
593 3749 730 3793 sermone
745 3727 904 3793 dixerunt
917 3735 1068 3801 veteres,
1085 3727 1225 3792 inferior

115 3835 211 3890 actas
225 3828 372 3890 eerrnoai.
393 3824 454 3889 sed
470 3835 625 3890 concretas
639 3833 692 3889 ast
706 3825 765 3909 qui
779 3826 864 3889 vixit
879 3846 953 3889 cum
968 3824 1041 3888 aliis
1056 3827 1225 3906 (amaneus

114 3947 179 3988 aratu
185 3922 296 3988 Varro
313 3923 396 3988 dicit
406 3943 516 3986 rerum
528 3931 610 3986 rust.
621 3946 656 3998 11,
664 3923 693 4002 3,
702 3923 734 4007 2)
747 3931 781 3986 et
791 3921 952 4008 paulatim
962 3919 1224 3998 mansudlactus,

115 4020 245 4085 scilicet
265 4022 310 4087 ad
330 4023 520 4087 convictum
539 4027 573 4084 et
587 4020 844 4086 familiaritatem
860 4018 1062 4102 perductus,
1083 4039 1123 4084 ac
1144 4023 1226 4085 dorni

114 4120 264 4199 domiuo,
285 4128 324 4184 ut
344 4119 428 4185 dicit
441 4126 545 4204 polita
558 4118 593 4181 in
607 4117 746 4193 v‚1334.
769 4117 817 4180 ita
831 4116 972 4181 Plautus
985 4117 1020 4180 in
1034 4118 1190 4182 Asinaria
1203 4141 1225 4192 1,

114 4218 145 4290 3,
155 4216 196 4280 69
211 4217 319 4282 Itidem
334 4218 384 4282 laio
398 4219 483 4303 apud
491 4242 561 4282 aas.
574 4219 658 4282 cedis
672 4215 721 4300 (id
733 4225 785 4280 est
795 4215 883 4280 aedes
894 4215 1014 4299 plurali
1024 4223 1119 4284 recto
1132 4219 1225 4297 casu)

115 4315 199 4380 uobis
214 4326 332 4395 areant,
347 4340 457 4402 oracepa
470 4341 538 4380 aava
552 4341 606 4402 epo
614 4365 623 4395 ,
639 4316 723 4380 Esca
737 4315 952 4393 astrueremus,
967 4315 1058 4378 kalata
1072 4316 1153 4378 balea
1167 4325 1225 4391 esc,

115 4426 267 4479 amatam
281 4437 368 4478 acea.
391 4415 478 4480 Beue
491 4415 652 4479 salutando
668 4419 909 4487 consuescunt,
931 4413 1126 4499 capellondo
1140 4411 1225 4474 blaa·

116 4513 212 4593 diter,
228 4514 419 4595 (lectitando,
431 4516 564 4579 oratiam
577 4515 700 4580 alleviato
711 4513 883 4578 cereostato.
899 4511 957 4578 ubi
972 4518 1025 4576 est
1036 4509 1137 4594 paulo
1148 4513 1226 4572 anto
