2970 5268
286 440 356 509 128
814 437 878 508 1111

284 612 556 702 quandoquidem
569 613 689 700 longos
704 612 815 676 obitus
831 619 950 675 exorta
964 611 1131 684 revisunt,

283 753 357 795 curn
371 750 548 816 permensa
562 748 624 792 suo
639 735 718 798 sunt
733 727 859 791 eaelum
874 747 1017 813 eorpore
1033 725 1139 790 claro.

212 861 261 908 aaa
283 845 402 931 solque
416 843 490 930 pari
504 843 634 908 ratione
649 863 782 906 manere
797 849 832 904 et
845 840 925 904 luna
938 839 1096 906 videntur

282 962 317 1026 in
331 960 493 1040 statione,
506 979 546 1023 ea
560 978 646 1044 quae
660 955 740 1021 ferri
753 977 809 1020 res
822 953 949 1020 indicat
962 955 1049 1040 ipsa.

286 1081 542 1160 exstantesque
556 1071 674 1159 procul
687 1069 797 1136 medio
814 1069 856 1134 de
871 1070 1001 1155 gurgite
1015 1069 1151 1143 montis,

286 1190 448 1255 elassibus
462 1189 548 1252 inter
563 1208 649 1272 quos
664 1186 747 1250 liber
761 1192 856 1272 petet
870 1185 979 1249 exitus
992 1184 1125 1270 ingens:

284 1304 394 1370 insula
408 1303 593 1367 coniunctis
607 1311 718 1366 tamen
734 1321 776 1364 ex
790 1299 842 1364 his
856 1319 924 1363 una
937 1297 1085 1398 videtur.

215 1436 265 1483 411
287 1419 373 1484 stria
386 1418 512 1482 versari
527 1425 561 1482 et
575 1417 699 1482 eiroum
714 1435 850 1479 cursare
864 1413 1037 1479 columnae

286 1554 394 1619 usque
409 1531 494 1596 adeo
509 1532 546 1596 fit
560 1532 608 1595 uti
622 1531 735 1618 pueris
749 1525 944 1603 videantur,
955 1529 1012 1592 ubi
1026 1527 1090 1614 ipsi

288 1647 459 1712 desierunt
471 1647 574 1721 verti,
583 1646 641 1709 vix
654 1651 692 1710 ut
704 1644 768 1708 iam
783 1642 921 1708 eredere
935 1643 1066 1730 possint

287 1783 356 1827 non
370 1781 472 1846 supra
486 1781 560 1825 sese
576 1781 674 1824 ruere
689 1760 799 1824 omnia
811 1767 901 1824 tecta
915 1757 1044 1822 minari.

287 1878 418 1962 iamque
431 1875 568 1940 rubrum
582 1875 729 1939 tremulis
742 1875 838 1939 iubar
852 1873 983 1960 ignibus
998 1873 1125 1960 erigere
1139 1872 1205 1936 alte

118 2015 123 2027 ’
216 2007 264 2056 405
287 2013 362 2056 oum
376 1997 513 2090 coeptat
527 1991 647 2054 natura
660 2011 830 2076 supraque
845 1987 1006 2053 extollere
1020 1997 1165 2062 montes,

289 2127 375 2192 quos
389 2105 449 2169 tibi
463 2112 532 2169 tum
548 2126 650 2192 supra
664 2105 716 2170 sol
730 2105 852 2170 montis
868 2124 941 2168 esse
956 2101 1088 2166 videtur

288 2219 469 2287 comminus
482 2219 555 2307 ipse
569 2241 631 2285 suo
647 2221 844 2306 contingens
858 2217 1007 2282 fervidus
1021 2217 1107 2304 igni,

289 2337 346 2400 vix
359 2335 482 2400 absunt
495 2335 593 2399 nobis
608 2337 727 2400 missus
741 2335 794 2400 bis
808 2334 894 2398 mille
910 2334 1067 2420 sagittae,

287 2452 346 2514 vix
360 2450 457 2514 etiam
472 2427 590 2513 cursus
606 2449 807 2535 quingentos
822 2449 1061 2536 saepe-veruti:

217 2581 266 2628 411
287 2565 373 2628 inter
389 2583 448 2628 eos
463 2563 634 2648 solemque
647 2563 757 2626 iacent
772 2563 924 2626 immunia
939 2563 1034 2648 ponti

289 2697 438 2763 aequora
452 2677 623 2741 substrata
638 2676 795 2742 aetheriis
810 2667 1000 2762 ingentibus
1015 2677 1098 2748 oris,

290 2791 531 2876 interiectaque
546 2799 626 2856 sunt
640 2800 804 2856 terrarum
818 2791 906 2856 milia
922 2790 1040 2866 multa,

291 2927 377 2993 quae
391 2905 503 2970 variae
516 2907 662 2971 retinent
675 2914 793 2992 gentes
808 2913 842 2970 et
855 2906 966 2971 saeole
978 2904 1136 2970 ferarum.
1233 2949 1239 2958 ·

290 3029 326 3086 at
340 3021 512 3087 conlectus
527 3041 634 3106 aquae
649 3019 787 3108 digitum
802 3041 871 3086 non
885 3021 983 3086 altior
996 3041 1115 3094 unum,

218 3153 266 3200 414
291 3137 348 3222 qui
361 3135 489 3222 lapides
504 3137 590 3201 inter
605 3137 695 3201 sistit
708 3158 769 3223 per
784 3143 891 3201 strata
904 3137 1045 3212 viarum,

291 3250 486 3337 despectum
499 3251 640 3334 praebet
654 3251 716 3315 sub
733 3261 839 3314 terras
854 3251 966 3335 inpete
980 3259 1091 3324 tanto,
1185 3259 1186 3262 ’

289 3384 310 3426 a
322 3363 422 3429 terris
438 3371 598 3447 quantum
613 3363 695 3428 oaeli
710 3371 804 3447 patet
818 3364 905 3426 altus
920 3364 1047 3440 hiatus3

218 3493 267 3541 411
288 3485 326 3540 ut
341 3497 450 3563 prope
462 3477 597 3540 miraolo
612 3476 675 3540 sub
691 3485 797 3540 terras
812 3476 928 3540 abdita
942 3477 1023 3542 caeli

218 3609 268 3655 418
289 3591 402 3656 nubila
417 3590 581 3678 dispicere
596 3599 631 3654 et
645 3591 772 3654 eaelum
786 3589 921 3656 videare
935 3590 1065 3657 videre.

219 3723 268 3770 410
291 3704 435 3791 (lenique
449 3705 505 3771 ubi
518 3706 553 3768 in
567 3703 678 3769 medio
692 3706 789 3770 nobis
805 3727 884 3771 ecus
901 3727 980 3772 acer
995 3707 1148 3773 obhaesit

291 3819 422 3886 flumine
438 3822 519 3885 etin
533 3819 667 3905 rapidas
682 3822 787 3885 amnis
799 3819 1010 3907 despeximus
1024 3821 1148 3896 undas,

292 3935 411 4000 stantis
426 3935 503 4021 equi
517 3957 640 4022 corpus
655 3944 882 4001 transversum
896 3936 984 4001 ferre
999 3934 1132 4002 videtur

291 4051 342 4114 vis
357 4059 392 4115 et
405 4050 438 4114 in
453 4049 630 4116 adversum
645 4051 767 4116 flumen
782 4050 985 4116 contrudere
999 4051 1135 4136 raptim,

294 4337 344 4384 394
364 4331 478 4384 ridetur.
496 4332 507 4400 ΙΙ
527 4335 575 4383 397
594 4329 785 4402 Exstantisque
803 4334 813 4402 ΙΙ
832 4335 882 4385 406
900 4331 944 4383 ubi
964 4333 974 4399 ΙΙ
992 4339 1043 4384 414
1062 4334 1198 4386 coniectus
1222 4335 1233 4401 11
1257 4339 1306 4385 417
1326 4333 1394 4388 elius
1413 4335 1422 4402 ΙΙ

294 4421 344 4466 419
358 4413 479 4485 Corpore
491 4411 608 4466 mirande
620 4414 630 4482 11
646 4414 734 4468 eaelo.
747 4415 758 4483 ΙΙ
771 4419 821 4468 418
831 4412 969 4484 despicere
981 4416 992 4484 ΙΙ
1004 4421 1052 4468 421
1064 4415 1226 4486 dispexinrus
1237 4419 1247 4484 11
1260 4421 1311 4469 413
1321 4417 1422 4472 fulmen
