2946 5188
666 437 681 504 l

92 633 177 676 uam
194 609 327 697 quidvis
343 611 440 675 eitius
456 609 595 674 dissolvi
609 631 710 696 posse
726 609 876 676 videmus

95 747 202 812 quam
217 747 334 790 rursus
347 725 439 788 refici
449 750 457 801 3
469 745 537 809 qua
549 733 691 811 propter
705 726 807 811 longa
821 725 886 789 diei

95 841 232 904 infinita
247 847 341 904 aetas
355 847 433 902 anta
448 839 512 903 acti
531 840 690 922 temporis
706 841 811 903 omnis

97 953 196 1039 quod
210 954 367 1039 fregisset
380 950 492 1016 adhue
506 951 701 1016 disturbans
717 951 986 1039 dissoluensque.

1 1087 69 1132 ‚60
96 1089 281 1152 numquam
296 1067 419 1132 relicuo
435 1068 584 1151 reparari
598 1077 750 1154 tempore
764 1079 896 1154 posset.

97 1191 133 1246 at
149 1203 255 1256 nune,
267 1183 301 1244 ni
314 1183 430 1245 mirum
440 1229 448 1256 ,
460 1180 636 1266 frangendi
650 1180 786 1246 reddita
799 1182 872 1246 finis

99 1305 196 1360 certa
210 1303 338 1371 manet,
350 1296 507 1380 quoniam
520 1295 611 1358 refici
626 1317 695 1359 rem
711 1317 876 1380 quamque
894 1295 1043 1362 videmus

100 1419 135 1474 et
150 1410 242 1474 linita
255 1409 350 1473 simul
364 1410 546 1494 generatim
561 1417 713 1496 tempora
727 1409 828 1474 rebus

100 1535 193 1588 stare
203 1572 211 1598 ‚
222 1524 343 1608 quibus
356 1523 489 1608 possint
503 1524 575 1588 aevi
590 1525 783 1609 contingere
797 1523 927 1587 florem.

1 1658 71 1702 565
98 1638 169 1701 hue
183 1635 314 1700 accedit
328 1637 376 1700 uti
385 1685 393 1712 ‚
403 1636 603 1702 solidissima
615 1639 764 1702 materiai

100 1771 248 1838 corpora
262 1771 335 1814 cum
351 1759 522 1826 constant,
532 1752 667 1837 possint
680 1758 792 1815 tamen
807 1754 916 1816 omnia
930 1751 1027 1816 reddi

100 1866 214 1930 mollia
228 1885 313 1950 quae
326 1865 426 1938 fiunt,
438 1871 511 1938 aer,
523 1885 627 1949 aqua,
639 1873 745 1940 terra,
757 1885 917 1951 vapores,

7 2000 73 2046 aaa
99 1979 283 2044 admixtum
298 1978 453 2063 quoniam
470 1978 572 2042 semel
586 1980 684 2043 estin
699 1979 799 2071 rebus
813 1979 930 2044 inane:

100 2103 137 2160 at
154 2101 271 2157 contra
285 2093 312 2155 si
327 2092 437 2156 mollia
452 2091 519 2155 sint
533 2091 715 2178 primordia
735 2115 860 2168 rerum,

101 2207 193 2272 unde
209 2218 333 2292 queant
346 2205 448 2270 validi
462 2207 570 2270 silices
583 2206 775 2292 ferrumque
791 2209 894 2270 creari

100 2344 173 2387 non
187 2322 311 2408 poterit
324 2322 409 2385 ratio
424 2320 537 2384 reddi:
551 2342 626 2383 nam
640 2318 792 2384 funditus
807 2323 913 2384 omnis

99 2409 266 2524 principio
281 2435 488 2499 fundamenti
502 2443 623 2498 natura
637 2434 778 2498 carebit.

99 2559 183 2617 sunt
196 2550 295 2635 igitur
309 2548 417 2613 solida
430 2549 592 2634 pollentia
607 2550 829 2636 simplicitate,
841 2533 845 2592 Ῐ

19 2687 76 2730 sta
100 2685 244 2752 quorum
260 2662 431 2727 condenso
447 2665 550 2750 magis
566 2665 675 2728 omnia
690 2663 867 2728 conciliatu

100 2781 205 2845 artari
219 2785 363 2864 possunt
376 2776 571 2863 validasque
586 2777 765 2842 ostendere
779 2778 874 2842 viris.

143 2892 252 2956 Porro
267 2891 296 2954 si
309 2891 432 2954 nullast
447 2890 641 2977 frangendis
655 2890 789 2955 reddita
802 2891 876 2954 finis

101 3006 318 3092 corporibus,
329 3015 440 3068 tamen
455 3026 496 3068 ex
511 3013 649 3068 aeterno
666 3011 815 3090 tempora
830 3003 992 3088 quaedam

101 3141 191 3186 nunc
206 3120 305 3184 etiam
319 3140 478 3204 superare
493 3127 667 3182 necessest
682 3136 827 3201 corpora
841 3117 960 3191 rebus,

27 3256 76 3299 :no
100 3247 187 3322 qua'e
201 3255 270 3297 non
286 3232 364 3296 dum
379 3233 512 3297 clueant
525 3232 593 3295 ullo
609 3239 772 3318 temptata
786 3231 927 3317 periclo:

100 3357 137 3414 at
152 3349 307 3432 quoniam
321 3345 430 3433 fragili
444 3354 564 3410 natura
577 3345 732 3431 praedita
746 3353 918 3420 constant,

101 3462 271 3547 discrepat
285 3471 457 3525 aeternum
471 3471 602 3546 tempus
617 3461 768 3545 potuisse
783 3480 916 3523 manere

101 3576 394 3640 innumerabilibus
407 3575 515 3660 plagis
530 3585 652 3638 vexata
667 3595 729 3659 per
743 3593 874 3637 aevom.

102 3689 247 3776 denique
261 3692 326 3753 iam
340 3689 496 3772 quoniam
510 3689 693 3773 generatim
708 3686 841 3750 reddita
854 3685 929 3748 finis

35 3823 78 3866 aas
101 3803 275 3869 crescendi
291 3804 392 3867 rebus
407 3809 541 3868 constat
555 3803 722 3886 vitamque
737 3800 889 3879 tenendi,

36 3935 79 3980 sss
101 3939 171 4004 quo
185 3929 285 4005 paeto
300 3917 382 3980 fiant
397 3924 429 3980 et
444 3937 511 4000 qua
525 3916 557 3978 vi
574 3937 726 4000 quaeque
740 3924 915 4001 gerantur.

37 4051 80 4094 sss
102 4041 138 4097 et
153 4031 233 4116 quid
247 4051 401 4117 quaeque
416 4039 541 4114 queant
554 4051 615 4113 per
629 4028 768 4094 foedera
783 4027 929 4096 naturai.

104 4317 159 4364 ⁵6²
176 4311 251 4364 refice
269 4311 280 4378 ΙΙ
299 4309 405 4363 demus.
429 4311 439 4376 ΙΙ
463 4314 512 4362 tta
531 4308 738 4377 Admixtumque
756 4309 766 4375 tl
786 4314 834 4360 575
854 4323 984 4376 quaeque.
1004 4309 1013 4374 ll
1033 4311 1081 4358 580
1101 4307 1203 4356 civeaut
1222 4305 1232 4368 li

105 4399 160 4446 5⁸4
177 4393 312 4463 generatin
331 4394 342 4459 ΙΙ
362 4399 410 4445 585
431 4389 590 4444 Crescendis
