2972 5188
261 505 334 574 278
594 565 602 587 ,
798 501 831 565 V

142 727 149 741 .
262 678 414 742 ordinem
434 697 592 740 versuum
611 675 847 740 invertendum
868 696 943 740 csse
958 675 1122 739 Marullus
1145 677 1249 750 vidit,
1273 677 1379 742 idem-

262 797 328 860 que
351 776 476 858 optime
499 773 634 858 scripsit
655 768 809 853 limacea,
831 773 895 836 uisi
917 773 1011 858 quod
1026 776 1152 839 rectius
1169 783 1222 838 est
1236 775 1378 840 Tunn-

263 895 360 937 csu.
374 872 538 958 Fcrbiger
557 871 722 935 Thraciam
736 871 819 934 vitio
835 870 978 955 duplici,
994 873 1073 956 quia
1087 893 1150 936 nec
1165 873 1332 958 synizeeis
1346 876 1380 938 iu

264 969 396 1034 Graeco
411 970 544 1034 nomine
558 967 700 1043 ferenda
712 977 780 1044 est,
795 977 834 1032 ut
849 969 1027 1034 observavi
1043 969 1089 1034 ad
1103 969 1224 1034 librum
1238 973 1378 1047 unlll‘i.

262 1088 372 1153 neque
400 1069 563 1132 lbraciam
591 1066 680 1131 ullus
708 1073 812 1152 potita
834 1066 921 1132 dixit
941 1075 1079 1152 praeter
1099 1068 1293 1142 Lucanum,
1324 1073 1378 1156 qui

263 1164 434 1250 quomodo
450 1165 565 1230 hocin
580 1164 685 1239 11,162
707 1165 834 1230 audere
855 1167 1004 1252 potuerit
1023 1185 1092 1230 non
1112 1167 1293 1253 intellego,
1316 1169 1380 1232 nisi

264 1262 355 1348 quod
379 1273 457 1328 ante
479 1285 554 1328 eum
572 1263 740 1349 Vergilius
763 1263 845 1328 fecit
865 1263 1112 1328 Samothraciam
1133 1264 1308 1330 Aeneidos
1324 1287 1379 1331 vu.

262 1361 341 1426 208.
363 1383 440 1426 uam
460 1363 495 1426 in
511 1359 623 1426 Ovidii
645 1369 775 1425 metam.
790 1383 834 1435 vr,
843 1361 905 1426 435
927 1362 1132 1447 exemplaria
1153 1374 1272 1428 vetera
1293 1365 1379 1427 tanti

262 1480 330 1522 uon
347 1459 434 1526 facio
450 1469 488 1525 ut
503 1481 578 1524 eum
594 1459 727 1524 Thracia
738 1461 895 1524 maduisse
906 1461 1042 1524 credam
1054 1481 1154 1547 quem
1171 1462 1310 1526 lirare.
1327 1460 1378 1524 Ci-

265 1577 421 1620 ceronem
437 1557 481 1620 de
492 1578 529 1621 re
540 1557 677 1642 publica
692 1559 721 1623 T
717 1557 846 1622 brocam
858 1556 1001 1632 dixisse,
1017 1579 1086 1622 non
1102 1560 1284 1639 llraeiam,
1300 1560 1375 1624 Ser

264 1656 340 1718 vius
360 1655 467 1720 refert
487 1655 533 1719 ad
547 1657 718 1720 Aeneidos
736 1680 795 1732 xu,
804 1655 882 1721 335:
903 1657 1008 1722 nihilo
1032 1659 1138 1722 minus
1160 1659 1194 1722 iu
1209 1657 1377 1723 Vaticano

266 1753 448 1838 exemplari
463 1753 573 1818 Maius
589 1755 676 1820 libro
692 1756 757 1830 n,4
779 1755 940 1840 scriptum
963 1756 1092 1820 invenit
1111 1756 1294 1821 Thraciam.
1317 1757 1376 1822 sed

265 1849 447 1924 Marullus,
463 1853 516 1915 cui
529 1852 710 1940 Stymphala
725 1855 851 1918 nobiae
866 1855 1000 1939 quinam
1017 1853 1211 1919 dicerentur
1225 1877 1295 1919 non
1311 1867 1376 1920 tam

266 1949 392 2014 clarum
406 1950 580 2016 videretur
594 1972 695 2038 quam
705 1953 916 2018 Wakefieldc
933 1961 968 2018 et
979 1953 1184 2040 Forbigero,
1199 1953 1281 2018 fecit
1295 1956 1377 2018 satis

266 2047 430 2112 audacter
448 2052 616 2135 'lbntapere
634 2051 789 2141 officerent
809 2053 910 2130 nodis,
930 2054 1074 2138 cenamque
1094 2053 1244 2116 dmmtdae
1265 2053 1377 2137 tbym-

266 2147 319 2210 dar
333 2148 492 2212 Arcadiae
505 2150 641 2213 uolueras
657 2150 838 2236 Stymphala
852 2151 993 2214 cotenes.
1008 2149 1107 2224 mihi,
1123 2151 1281 2235 quoniam
1296 2151 1377 2214 nodis

267 2245 349 2310 satis
363 2253 456 2310 recte
473 2247 592 2311 abesse
607 2254 739 2332 potest,
762 2247 1006 2332 simplicissimo
1022 2245 1170 2312 remedio
1184 2249 1235 2311 uti
1250 2247 1376 2332 placet,

265 2350 305 2406 ut
319 2343 489 2407 scribetur
504 2347 600 2409 Tanto
613 2369 702 2430 opere
717 2345 886 2434 afficerem,
901 2367 920 2406 a
930 2369 952 2407 r
966 2366 988 2407 A
998 2365 1070 2408 vas
1086 2343 1267 2431 Stpnpdula
1282 2349 1377 2411 colen

267 2453 324 2505 tes.
345 2441 435 2504 inira
453 2442 515 2504 560
538 2443 705 2528 oblongus
724 2445 799 2522 ῥυεὶς
807 2445 889 2530 polis
904 2455 947 2506 eet
959 2444 1044 2508 nodis
1062 2445 1123 2507 nisi
1142 2445 1202 2523 ets,
1226 2444 1284 2508 ubi
1305 2466 1376 2508 cor·

268 2547 382 2602 rector
398 2537 524 2602 delevit
537 2540 639 2603 nobie.
662 2540 751 2604 adde
767 2542 860 2626 quod
874 2543 962 2604 inter
977 2563 1014 2606 se
1030 2541 1192 2606 simillima
1207 2553 1288 2608 sunt
1300 2567 1378 2607 sra-

268 2655 321 2697 rrs
338 2644 371 2699 et
386 2657 502 2698 nouis.

352 2731 400 2795 33.
421 2754 605 2797 aceruus
630 2757 773 2798 rusus.
789 2739 955 2801 Annuus
971 2737 1377 2825 tieenVergiliusAeu.1x‚

268 2829 347 2908 794,
362 2829 557 2895 Macrobius
572 2831 706 2897 Saturu.
720 2853 765 2912 vr,
779 2835 790 2897 l
805 2881 811 2898 .

351 2929 1379 3001 mnasonisrnrrsxussrmpesddarudussrmors.

351 3027 598 3093 tepentem
615 3052 820 3104 urrunnun
836 3053 951 3096 cirus
967 3054 1198 3110 enuncians
1216 3055 1378 3099 sursus.

269 3124 448 3190 Turnebus
464 3127 729 3202 Arunurnnu,
745 3128 927 3194 Lambinus
943 3151 1202 3207 retunsona,
1218 3153 1378 3198 souons

268 3223 449 3288 Marullus.

351 3324 400 3386 38.
416 3321 495 3386 Suu
520 3347 598 3386 uon
622 3346 774 3388 vrucrn
797 3349 975 3390 rouau'r.
998 3327 1073 3390 Itali
1093 3327 1136 3392 Sr
1159 3351 1219 3391 non
1241 3353 1381 3394 vrcrn.

353 3420 401 3482 43.
425 3441 501 3495 Qua
524 3442 702 3486 ruonurn
731 3447 853 3489 noum
875 3429 1016 3501 Arana
1045 3447 1251 3491 runicunn
1279 3451 1381 3493 surr

270 3535 468 3579 retineris
491 3539 793 3585 rusrunnuouu.
811 3523 908 3585 Hanc
920 3524 1078 3608 syntaxin
1089 3523 1274 3590 Lambinus
1290 3537 1382 3591 recte

270 3613 482 3698 repudiavit,
505 3616 562 3700 qui
578 3618 715 3702 scripsit
726 3621 866 3704 perinde
881 3631 967 3684 tunc.
990 3621 1052 3684 sed
1066 3623 1207 3686 verbnm
1222 3627 1383 3690 substan·

269 3714 375 3776 tivum
403 3711 556 3778 omittere
578 3736 646 3778 non
669 3725 722 3780 est
743 3739 825 3782 usus
847 3718 1055 3783 Lucretiani:
1085 3741 1166 3806 ergo
1194 3725 1401 3825 scribemus⁸
1451 3742 1457 3756 ·

270 3833 417 3886 ruusr,
434 3819 471 3875 ut
487 3811 556 3877 dixi
572 3814 617 3878 ad
633 3815 753 3879 librum
769 3818 877 3889 1,lll.

352 3909 400 3971 45.
425 3931 678 3977 curruoruus
700 3935 846 3978 nenas.
869 3915 943 3978 Itali
964 3917 1131 4000 rapidiore,
1146 3917 1310 3984 Marullus
1332 3946 1382 3985 cu-

265 4005 401 4090 pediuis,
412 4007 596 4074 Lambinus
612 4033 880 4076 curreuiurs.
897 4013 1076 4087 in1v‚1090
1092 4013 1260 4102 oblongus
1272 4023 1382 4104 cuppe-
1477 4061 1478 4064 =

270 4105 358 4166 diae:
373 4104 432 4168 sed
449 4105 664 4173 Florentinus
679 4110 843 4174 Varronis
860 4111 902 4174 de
917 4111 1030 4199 lingua
1044 4111 1164 4176 Latina
1178 4135 1201 4174 v
1216 4137 1248 4198 p.
1263 4116 1323 4180 148
1329 4118 1382 4203 sa-
1477 4189 1478 4198 ἢ

271 4225 340 4264 rrun
354 4207 546 4290 cappedinia
563 4219 713 4291 clippea-et
725 4203 875 4294 cuppedia
887 4209 1023 4273 codices
1034 4208 1129 4273 Pauli
1141 4207 1275 4275 diaconi
1290 4235 1325 4297 p.
1334 4215 1382 4278 37.

268 4300 414 4365 Plautini
430 4303 465 4365 in
477 4301 596 4366 Sticho
609 4327 638 4382 v,
648 4306 676 4378 l,
686 4305 726 4368 32
744 4315 777 4369 et
791 4308 824 4369 in
837 4307 1032 4372 Trinummo
1048 4329 1082 4382 11,
1095 4309 1120 4383 l,
1133 4309 1169 4372 13
1185 4312 1339 4396 ειφρεάἰα
1349 4321 1381 4375 et

269 4422 395 4483 cuppae,
417 4399 617 4482 glossarium
640 4412 737 4466 vetus
757 4405 790 4466 iu
807 4403 886 4468 Maii
910 4415 1085 4470 auctorum
1108 4413 1201 4470 tamo
1224 4429 1259 4470 vr
1281 4409 1383 4492 p,53tl

270 4495 513 4580 lappadinar·las
524 4545 529 4557 .
