2990 5182
296 517 364 584 372
824 515 872 582 Vl

376 689 446 753 444.
470 711 518 750 ax
542 709 654 750 arai.
678 687 859 752 (j'orrector
875 690 1012 776 oblongi
1028 711 1150 753 anae.

377 787 446 850 447.
470 806 597 858 arara
621 783 873 849 raocnanar.
900 787 973 850 Hoc
989 787 1201 852 Wakefieldo
1223 809 1300 852 cum
1315 811 1403 853 man-

296 887 389 970 cipiis
405 881 475 944 suis
491 880 640 966 placeat:
658 889 748 944 recto
766 883 839 945 Itali
856 907 1107 948 enecantes.

377 980 446 1045 449.
470 978 705 1042 Orricuanr
729 1004 791 1043 in.
815 982 890 1046 Itali
907 981 1111 1046 Orraonaa
1132 986 1181 1046 ia.

376 1077 556 1142 4521100
580 1099 704 1141 sarna
727 1101 766 1141 in
796 1102 915 1143 carni
939 1103 1082 1143 erario
1105 1105 1250 1145 cotan.
1274 1081 1352 1145 ltali
1373 1101 1400 1144 ct

295 1177 477 1244 Brixieusis
494 1174 597 1238 editio
622 1197 772 1240 corana
786 1177 797 1240 .’
815 1177 877 1242 sed
899 1187 1076 1264 praeterea
1098 1179 1320 1244 scribendum
1342 1203 1401 1243 sr-

295 1301 367 1342 rna
376 1300 396 1338 o
413 1277 445 1337 ia
458 1275 571 1359 spatia.
587 1295 686 1337 versu
699 1275 759 1337 855
774 1299 885 1360 crepera
904 1277 1042 1361 deporta
1058 1284 1091 1340 et
1104 1300 1251 1362 uaporem
1266 1279 1382 1341 lamae.

375 1374 709 1446 453.Asreaionri‚
725 1395 849 1438 noers
866 1397 940 1450 Qun
957 1397 1128 1439 roserar
1144 1397 1399 1438 raournorri

295 1471 473 1538 llxraurs¹
496 1491 631 1531 ranan
649 1493 769 1533 rari-:a
792 1493 834 1535 sn
852 1493 1086 1535 coriaaessn
1109 1471 1400 1536 rnacn1.llecte

294 1570 475 1636 Lambinus
491 1589 568 1650 con
579 1589 751 1640 ratast,
772 1577 810 1632 nt
825 1569 926 1653 paulo
941 1578 1022 1652 post
1037 1591 1136 1634 versu
1153 1569 1232 1642 456,
1249 1571 1310 1634 ubi
1327 1592 1399 1655 qua·

294 1671 413 1734 altatus
425 1665 672 1750 compreendam.
685 1665 846 1730 sedidem
860 1666 952 1750 quod
964 1669 1061 1730 raedis·
1072 1669 1189 1753 em'pais
1198 1667 1399 1753 interpreta-

295 1767 491 1839 turmatim,
504 1764 724 1850 quantitatem
737 1787 811 1828 cnm
825 1765 986 1850 qualitate
999 1764 1160 1830 confundi
1172 1787 1242 1828 non
1255 1765 1399 1830 animad-

295 1865 410 1929 vertit.
434 1861 648 1926 scribendum
664 1869 716 1924 est
733 1862 832 1924 tame
846 1865 980 1948 arripitis,
1002 1863 1055 1926 vel
1071 1862 1189 1926 eodem
1204 1884 1311 1927 sensu
1327 1885 1399 1948 pro·

295 1965 367 2051 pius
380 1959 425 2024 ad
437 1961 567 2025 litteras
579 1983 602 2022 n
611 1981 631 2022 o
639 1981 659 2022 a
668 1982 703 2023 is
716 1961 847 2044 eaipair.
863 1961 912 2024 sic
924 1983 1024 2025 versu
1036 1961 1093 2024 531
1108 1984 1195 2024 mora
1206 1961 1400 2050 qrtaeflaaios

288 2063 405 2148 passim
419 2058 556 2146 refrenat
570 2060 664 2120 araas
678 2079 741 2141 pro
754 2056 877 2143 glacie.
893 2059 941 2120 sic
951 2058 1121 2143 Vergilius
1138 2059 1173 2121 in
1188 2082 1219 2133 x,
1229 2059 1294 2123 485
1317 2060 1399 2122 Lari-

292 2183 403 2246 ca-eqae
417 2180 521 2220 maras
535 2167 562 2219 et
570 2167 677 2240 pectas
686 2155 828 2242 perforat
841 2157 962 2241 iaperar.
979 2156 1027 2220 sic
1043 2155 1107 2218 alia
1122 2156 1213 2242 apud
1229 2157 1254 2219 Ι.
1266 2156 1305 2221 F.
1320 2155 1399 2220 Gro-

293 2259 427 2322 novium
443 2255 488 2320 ad
503 2253 665 2318 Senecam
683 2253 726 2317 de
740 2253 910 2318 beneficiis
925 2275 954 2325 v,
968 2253 1022 2316 12.
1446 2327 1450 2334 ⁸

374 2352 624 2434 ‘titillant-:aa
643 2373 944 2415 conrnunonnr
967 2350 1399 2415 rnrrnsn.N0neacor·

237 2493 249 2508 ν
291 2452 432 2542 puscula
444 2473 531 2536 quae
545 2471 670 2534 parvas
687 2451 793 2514 nubes
806 2451 1033 2524 constituunt,
1049 2449 1108 2514 sed
1125 2473 1178 2512 eae
1188 2451 1287 2534 ipsae
1299 2452 1399 2512 nube·

291 2553 402 2616 culae.
427 2557 576 2612 ceterum
596 2569 706 2631 neque
721 2571 775 2610 eae
795 2568 904 2631 neque
927 2547 984 2610 bae
1006 2547 1084 2611 alibi
1104 2545 1189 2610 dixit
1203 2546 1399 2612 Lucretius.

291 2649 354 2713 sed
374 2668 477 2710 nano
501 2644 657 2707 feminino
673 2663 796 2728 genere
817 2645 851 2706 in
868 2645 954 2708 libro
971 2667 1020 2718 in,
1030 2645 1087 2708 601
1102 2669 1110 2720 ;
1133 2665 1237 2729 quare
1255 2666 1327 2708 non
1345 2645 1400 2708 du-

290 2747 362 2809 bito
375 2743 455 2826 quin
466 2741 501 2804 id
513 2741 625 2826 ipsum
638 2739 692 2802 liic
705 2761 840 2825 quoque
853 2742 917 2806 illis
929 2742 1187 2827 praeferendum
1200 2745 1262 2806 sit.
1278 2745 1400 2808 eaedea

292 2851 403 2906 tamen
420 2838 520 2904 semel
533 2837 635 2910 dixit,
652 2845 685 2900 et
700 2837 836 2921 quidem
848 2839 980 2904 duabus
996 2841 1151 2926 syllabis,
1167 2841 1200 2904 in
1216 2865 1238 2915 1,
1248 2841 1332 2914 306,
1348 2841 1400 2904 ubi

290 2940 461 3025 eptimam
482 2937 517 2999 in
532 2934 701 3020 quadrato
725 2943 778 2998 est
800 2957 820 2998 a
842 2939 1028 3001 recentiore
1044 2961 1143 3002 manu
1158 2939 1192 3002 in
1208 2939 1329 3012 litura,
1352 2939 1399 3002 cui

290 3038 372 3126 quid
387 3037 497 3101 subsit
508 3033 624 3100 videre
638 3056 706 3098 non
717 3055 873 3118 possum.
889 3037 981 3120 apud
993 3036 1077 3100 alios
1093 3043 1213 3122 poetas
1226 3039 1284 3122 qui
1296 3037 1397 3101 bexa-

290 3136 407 3202 metris
418 3135 627 3218 scripserunt
641 3154 751 3218 neque
763 3157 816 3197 eae
828 3155 937 3219 neque
949 3137 1070 3199 eaedem
1080 3135 1214 3199 invenio
1225 3185 1231 3198 .
1244 3159 1294 3198 eos
1305 3135 1400 3199 multi

290 3236 467 3305 dixerunt,
490 3223 613 3295 eosdem'
623 3239 657 3294 et
671 3232 790 3294 easdem
805 3232 924 3315 pauci,
947 3231 1080 3297 duabus
1096 3232 1236 3318 syllabis
1252 3233 1396 3318 Proper-

288 3335 356 3397 tius
372 3333 406 3394 in
421 3353 451 3404 v,
462 3329 518 3403 7,7
533 3327 572 3401 8,
595 3329 652 3393 ubi
666 3327 911 3411 Neapolitanus
927 3329 1032 3394 habet
1045 3331 1178 3395 Hosdern
1194 3369 1235 3377 —-
1248 3331 1395 3396 Eosdem,

289 3429 394 3494 ceteri
415 3427 468 3490 bis
485 3425 636 3490 Ilerdam.
659 3425 788 3489 Ennius
804 3425 896 3511 apud
911 3425 1105 3491 Ciceronem
1129 3429 1172 3492 de
1187 3426 1310 3492 officiis
1327 3453 1348 3502 r,
1364 3429 1395 3490 12

289 3526 467 3591 Eorundem
481 3525 611 3588 libertati
622 3545 670 3586 rae
679 3545 812 3608 parcere
827 3535 940 3587 certam
955 3536 1011 3588 eet.

370 3623 977 3688 459.v1oraacaoun1nacanno
995 3623 1395 3702 Quansrarqnooui.

286 3745 338 3786 na
347 3744 426 3786 eis.
448 3719 495 3784 Ut
508 3720 563 3784 hic
579 3741 671 3806 qaam
686 3742 804 3805 qaoque
818 3723 915 3805 anapia
923 3769 932 3799 ,
950 3719 999 3784 ita
1015 3721 1109 3784 Tanto
1124 3721 1237 3808 parmae
1250 3724 1351 3806 rnapr's
1364 3721 1395 3783 in

287 3820 405 3894 111‚‘t'00
421 3825 454 3883 et
474 3819 508 3882 in
522 3817 644 3894 v‚343;
667 3839 719 3878 am
731 3821 767 3901 je
781 3819 836 3880 acie
850 3818 910 3880 ciel
921 3817 1025 3896 m-elrr,
1047 3841 1099 3880 am
1111 3822 1147 3902 je
1160 3840 1194 3880 so
1215 3821 1278 3881 ciel
1295 3819 1393 3882 raeltr.

233 3913 238 3922 ’
287 3918 372 3982 haec
388 3917 444 4002 qui
460 3917 610 3981 similiter
626 3914 751 3979 dixerit
765 3915 929 3979 neminem
944 3917 1040 3980 novi:
1063 3915 1125 3980 sed
1140 3916 1329 4000 proximum
1345 3926 1395 3980 cst

285 4016 377 4078 rnatto
388 4025 469 4078 tacto
481 4016 629 4100 amplier,
641 4035 710 4099 quo
721 4013 862 4077 Plautus
874 4014 981 4078 utitur
992 4015 1025 4077 in
1036 4014 1269 4078 Menaechmis
1281 4039 1311 4088 v,
1320 4015 1394 4088 249

285 4111 331 4174 ira
346 4158 353 4185 ,
376 4113 468 4174 aitte
489 4113 565 4198 quid
577 4113 737 4199 deliquerat
745 4161 754 4191 ,
779 4113 876 4176 ittutto
891 4123 972 4175 tanta
994 4113 1081 4175 illata
1096 4113 1245 4176 antiocho
1260 4137 1353 4198 quara
1368 4123 1393 4172 te

285 4210 427 4272 accusavi
441 4211 589 4296 amplias.
610 4212 658 4274 sic
675 4210 809 4294 saepius
825 4210 878 4274 ille
894 4211 926 4274 in
944 4209 1137 4288 adiectiviS,
1152 4221 1191 4274 ut
1204 4213 1298 4274 marito
1313 4221 1392 4271 atrito

285 4309 388 4372 carior·
396 4358 404 4386 ,
419 4309 511 4371 rrrulto
527 4319 607 4370 tanto
621 4309 776 4384 miserior,
793 4320 837 4370 ter
851 4321 932 4372 tanto
943 4311 1047 4394 peior.

363 4405 433 4468 461.
445 4427 516 4468 roa
525 4428 597 4469 van
615 4429 662 4469 aa
674 4432 690 4469 a
700 4430 740 4470 as
751 4407 928 4470 ,Marullus
940 4431 1015 4472 nun
1026 4429 1073 4470 re.
1081 4408 1308 4493 sarlaaeautem
1319 4427 1389 4467 scr·

282 4503 429 4567 vandum
445 4525 538 4585 esse,
560 4526 627 4568 non
643 4527 799 4570 ruat'aa
822 4506 1035 4571 scribendum
1051 4553 1059 4582 ,
1081 4505 1161 4569 mibi
1176 4504 1215 4568 N.
1232 4503 1392 4590 Heinsius
