2970 5268
647 390 679 455 V

71 577 144 623 terra
158 562 226 636 sit,
241 583 263 624 e
283 568 401 626 terra
415 563 571 647 quoniam
586 575 665 630 sunt
680 573 802 630 cuncta
816 577 942 632 ereata.

69 675 230 761 multaque
247 698 366 741 nunc
386 677 481 741 etiam
498 680 644 744 existunt
659 679 811 744 animalia
826 682 938 754 terris.

66 789 216 854 imbribus
235 801 279 855 et
297 789 426 856 calido
441 792 522 858 solis
538 801 697 858 concreta
712 815 852 881 vapore;

67 907 260 987 quominus
280 915 351 970 est
368 906 502 982 mirum,
513 908 542 972 si
557 917 628 978 tum
642 919 722 974 sunt
735 908 835 994 plura
850 921 966 976 coorta

34 1037 47 1061 ···
66 1020 258 1094 amiota,
272 1044 386 1086 nova
401 1021 517 1085 tellure
532 1030 634 1108 atqua
649 1023 786 1088 aethere
801 1023 928 1090 adulta.

64 1135 222 1218 principio
242 1157 377 1220 genus
391 1136 527 1202 alituum
542 1137 721 1223 variaeque
736 1138 890 1202 volueres

64 1269 115 1310 ora
128 1250 405 1336 relinquebant
420 1252 574 1316 exclusae
588 1263 741 1340 tempore
757 1275 878 1328 verno,

62 1361 228 1428 folliculos
245 1373 297 1428 ut
314 1386 412 1428 nunc
426 1367 540 1429 teretis
556 1375 684 1434 aestate
701 1365 837 1432 cicadae

63 1475 183 1542 locunt
199 1489 353 1564 sponte
368 1502 429 1543 sua
444 1481 566 1544 victum
582 1482 751 1566 vitamque
767 1491 937 1568 petentes.

64 1599 125 1653 tum
137 1593 207 1656 tibi
224 1602 344 1658 terra
358 1593 452 1660 dedit
467 1596 590 1680 passim
605 1597 758 1660 mortalia
772 1598 898 1661 saecla.

63 1706 181 1770 nultus
200 1709 311 1772 enim
331 1707 421 1772 calor
436 1719 538 1795 atque
553 1732 648 1774 umor
664 1712 846 1798 superabat
859 1712 893 1776 in
909 1713 1011 1778 arvis:

64 1817 122 1883 hoc
136 1822 200 1885 ubi
219 1844 396 1908 quaeque
411 1823 476 1888 loci
490 1825 582 1910 regio
599 1835 791 1912 opportuna
805 1825 963 1902 dabatur,

65 1938 278 2004 crescebant
295 1939 386 2004 uteri
399 1947 522 2003 terram
537 1939 707 2004 radicibus
721 1941 806 2026 apti;

69 2071 148 2132 quos
162 2053 229 2118 nbi
247 2063 413 2138 tempore
427 2062 558 2120 maturo
575 2062 652 2142 pate
667 2054 795 2120 fecerat
810 2065 922 2121 aestus

67 2162 235 2232 infantum
246 2217 256 2244 ‚
269 2167 408 2254 fugiens
422 2191 569 2234 umorem
586 2191 750 2254 aurasque
767 2180 956 2256 petessant.

70 2283 310 2348 convertebat
322 2283 367 2348 ibi
381 2293 504 2348 natura
517 2283 680 2352 foramina
694 2293 803 2350 terrae

74 2401 102 2455 et
114 2415 243 2462 sucum
261 2398 363 2464 venis
378 2400 522 2484 cogebat
535 2398 676 2464 sundere
692 2401 817 2487 apertis

74 2509 291 2578 consimilem
307 2513 419 2593 lactis,
432 2514 520 2578 siout
534 2536 622 2579 nuno
637 2514 757 2578 femina
773 2535 925 2600 quaeque

77 2639 144 2685 cum
158 2628 325 2712 peperit,
337 2627 427 2694 dulci
441 2629 589 2713 repletur
602 2630 706 2704 lacte,
718 2628 811 2714 quod
827 2630 932 2694 omnis
1009 2721 1010 2724 Ἴ

33 2741 59 2786 ⁴³5³
74 2733 217 2822 impetus
234 2743 276 2806 in
292 2763 447 2808 mammas
462 2745 669 2809 convertitur
682 2744 737 2808 ille
752 2744 913 2808 alimenti.

78 2855 162 2917 terra
177 2857 298 2922 eibum
313 2858 425 2943 pueris
435 2907 443 2935 ‚
454 2867 580 2923 vestem
597 2879 720 2944 vapor,
731 2856 838 2921 herba
852 2858 959 2922 cubile

79 2969 271 3046 praebebat
284 2971 389 3035 multa
403 2982 436 3037 et
449 2973 539 3038 molli
554 2972 709 3058 lanugine
724 2969 913 3035 abundans,

80 3087 112 3141 at
122 3088 269 3152 novitas
283 3087 396 3151 mundi
411 3109 473 3152 nec
487 3086 613 3170 frigora
628 3084 713 3148 dura
719 3085 837 3149 'ciebat

83 3209 138 3259 nto
151 3199 279 3267 nimios
294 3211 406 3266 aestus
421 3223 484 3265 nec
498 3201 626 3285 magnis
639 3199 764 3264 viribus
778 3219 892 3262 auras.

39 3316 66 3361 ¹2⁰
83 3313 188 3380 omnia
204 3308 434 3403 enim'pariter
450 3326 606 3384 crescunt
621 3325 655 3380 et
668 3315 795 3381 robora
809 3321 956 3379 sumunt.

122 3424 239 3506 Quare
255 3432 354 3496 etiam
368 3442 469 3518 atque
484 3433 582 3498 etiam
595 3444 781 3496 maternum
796 3452 918 3496 nomeu
932 3427 1057 3514 adepta

86 3547 170 3606 terra
184 3553 284 3612 tenet
297 3547 432 3624 merito,
444 3549 600 3632 quoniam
616 3568 722 3634 genus
736 3547 809 3632 ipsa
824 3545 949 3614 creavit
1005 3579 1011 3588 ·

88 3648 263 3726 humanum
278 3671 380 3747 atque
394 3663 514 3728 animal
527 3683 634 3749 prope
650 3668 742 3727 certo
759 3670 907 3746 tempore
921 3659 1010 3724 fudit

92 3787 197 3852 omne,
209 3776 304 3862 quod
318 3779 353 3842 iu
366 3778 495 3864 magnis
511 3775 695 3842 bacchatur
710 3776 867 3840 montibu'
882 3775 1021 3862 passim,

44 3883 73 3934 5²5
91 3887 259 3978 atriasque
274 3892 371 3956 simul
384 3891 540 3957 volueres
555 3890 751 3954 variantibu’
766 3889 895 3954 formis.

93 3999 145 4064 sed
160 4008 239 4092 quia
251 4006 351 4070 finem
366 4007 509 4093 aliquam
526 4001 676 4092 pariendi
692 4001 794 4066 debet
808 4001 947 4074 habere,

16 4233 21 4377 l
98 4283 140 4334 799
156 4295 201 4342 tus
226 4289 237 4359 ll
265 4294 315 4342 800
334 4287 434 4342 maiore
462 4290 472 4356 ll
498 4293 546 4340 802
565 4287 732 4357 reliquebant
758 4285 767 4352 Η
788 4285 967 4353 805pri1uurn
988 4283 998 4350 ΙΙ
1015 4289 1064 4336 809
1083 4288 1186 4334 aestas.
1206 4279 1216 4348 ΙΙ

19 4377 21 4440 l
98 4366 140 4416 ⁸¹²
158 4369 196 4424 Ut
214 4374 224 4440 ll
243 4376 292 4423 823
311 4371 397 4423 anima
416 4371 425 4437 ll
445 4377 494 4424 824
514 4372 601 4442 magni
619 4371 629 4438 ll
648 4375 696 4422 825
716 4367 865 4436 Aeriaeque
