<?xml version="1.0" encoding="UTF-8"?>
<!DOCTYPE html PUBLIC "-//W3C//DTD XHTML 1.0 Transitional//EN"
    "http://www.w3.org/TR/xhtml1/DTD/xhtml1-transitional.dtd">
<html xmlns="http://www.w3.org/1999/xhtml" xml:lang="en" lang="en">
 <head>
  <title>
</title>
<meta http-equiv="Content-Type" content="text/html;charset=utf-8" />
  <meta name='ocr-system' content='tesseract 3.04.00' />
  <meta name='ocr-capabilities' content='ocr_page ocr_carea ocr_par ocr_line ocrx_word'/>
</head>
<body>
  <div class='ocr_page' id='page_1' title='image "./intlucretiicari00lachgoog_0636.png"; bbox 0 0 2990 5182; ppageno 0'>
   <div class='ocr_carea' id='block_1_1' title="bbox 656 468 1233 540">
    <p class='ocr_par' dir='ltr' id='par_1_1' title="bbox 656 468 1233 540">
     <span class='ocr_line' id='line_1_1' title="bbox 656 468 1233 540; baseline 0.007 -4"><span class='ocrx_word' id='word_1_1' title='bbox 656 468 705 536; x_wconf 91' lang='lat' dir='ltr'><strong>Vl</strong></span> <span class='ocrx_word' id='word_1_2' title='bbox 1164 473 1233 540; x_wconf 89' lang='grc'><strong>379</strong></span> 
     </span>
    </p>
   </div>
   <div class='ocr_carea' id='block_1_2' title="bbox 121 641 1237 2588">
    <p class='ocr_par' dir='ltr' id='par_1_2' title="bbox 121 641 1237 2588">
     <span class='ocr_line' id='line_1_2' title="bbox 124 641 1236 728; baseline 0.003 -22"><span class='ocrx_word' id='word_1_3' title='bbox 124 641 260 706; x_wconf 81' lang='lat' dir='ltr'><strong>calidum</strong></span> <span class='ocrx_word' id='word_1_4' title='bbox 266 641 394 727; x_wconf 65' lang='lat' dir='ltr'><strong>sudam</strong></span> <span class='ocrx_word' id='word_1_5' title='bbox 407 664 506 727; x_wconf 83' lang='lat' dir='ltr'><strong>aquae</strong></span> <span class='ocrx_word' id='word_1_6' title='bbox 520 652 632 708; x_wconf 68' lang='lat' dir='ltr'><strong>tactem</strong></span> <span class='ocrx_word' id='word_1_7' title='bbox 646 652 736 728; x_wconf 78' lang='lat' dir='ltr'><strong>atque</strong></span> <span class='ocrx_word' id='word_1_8' title='bbox 748 663 909 726; x_wconf 69' lang='lat' dir='ltr'><strong>caperon,</strong></span> <span class='ocrx_word' id='word_1_9' title='bbox 929 644 986 708; x_wconf 91' lang='lat' dir='ltr'><strong>ubi</strong></span> <span class='ocrx_word' id='word_1_10' title='bbox 1000 643 1142 708; x_wconf 76' lang='lat' dir='ltr'><strong>inlibris</strong></span> <span class='ocrx_word' id='word_1_11' title='bbox 1158 665 1236 710; x_wconf 90' lang='lat' dir='ltr'><strong>nos·</strong></span> 
     </span>
     <span class='ocr_line' id='line_1_3' title="bbox 123 737 1232 820; baseline 0.005 -17"><span class='ocrx_word' id='word_1_12' title='bbox 123 740 187 804; x_wconf 92' lang='lat' dir='ltr'><strong>tris</strong></span> <span class='ocrx_word' id='word_1_13' title='bbox 203 745 256 804; x_wconf 91' lang='lat' dir='ltr'><strong>est</strong></span> <span class='ocrx_word' id='word_1_14' title='bbox 270 739 368 803; x_wconf 68' lang='lat' dir='ltr'><strong>lotide</strong></span> <span class='ocrx_word' id='word_1_15' title='bbox 382 750 509 804; x_wconf 69' lang='lat' dir='ltr'><strong>mettun.</strong></span> <span class='ocrx_word' id='word_1_16' title='bbox 524 738 609 804; x_wconf 91' lang='lat' dir='ltr'><strong>illud</strong></span> <span class='ocrx_word' id='word_1_17' title='bbox 620 747 732 804; x_wconf 85' lang='lat' dir='ltr'><strong>autern</strong></span> <span class='ocrx_word' id='word_1_18' title='bbox 742 737 856 804; x_wconf 88' lang='lat' dir='ltr'><strong>Bodas</strong></span> <span class='ocrx_word' id='word_1_19' title='bbox 869 739 1074 806; x_wconf 89' lang='lat' dir='ltr'><strong>credendum</strong></span> <span class='ocrx_word' id='word_1_20' title='bbox 1085 762 1154 806; x_wconf 93' lang='lat' dir='ltr'><strong>non</strong></span> <span class='ocrx_word' id='word_1_21' title='bbox 1169 751 1232 820; x_wconf 87' lang='lat' dir='ltr'><strong>est,</strong></span> 
     </span>
     <span class='ocr_line' id='line_1_4' title="bbox 123 835 1235 924; baseline 0.003 -23"><span class='ocrx_word' id='word_1_22' title='bbox 123 835 219 922; x_wconf 90' lang='lat' dir='ltr'><strong>quod</strong></span> <span class='ocrx_word' id='word_1_23' title='bbox 233 836 384 902; x_wconf 78' lang='lat' dir='ltr'><strong>vocalem</strong></span> <span class='ocrx_word' id='word_1_24' title='bbox 404 838 564 912; x_wconf 87' lang='lat' dir='ltr'><strong>brevem,</strong></span> <span class='ocrx_word' id='word_1_25' title='bbox 587 855 709 923; x_wconf 85' lang='lat' dir='ltr'><strong>quaeq</strong></span> <span class='ocrx_word' id='word_1_26' title='bbox 724 843 759 900; x_wconf 89' lang='lat' dir='ltr'><strong>ct</strong></span> <span class='ocrx_word' id='word_1_27' title='bbox 772 861 794 900; x_wconf 88' lang='lat' dir='ltr'><strong>u</strong></span> <span class='ocrx_word' id='word_1_28' title='bbox 809 845 843 902; x_wconf 91' lang='lat' dir='ltr'><strong>et</strong></span> <span class='ocrx_word' id='word_1_29' title='bbox 857 837 967 902; x_wconf 85' lang='lat' dir='ltr'><strong>vocali</strong></span> <span class='ocrx_word' id='word_1_30' title='bbox 982 839 1132 924; x_wconf 87' lang='lat' dir='ltr'><strong>qualibet</strong></span> <span class='ocrx_word' id='word_1_31' title='bbox 1147 841 1235 905; x_wconf 86' lang='lat' dir='ltr'><strong>exci-</strong></span> 
     </span>
     <span class='ocr_line' id='line_1_5' title="bbox 121 935 1235 1022; baseline 0.004 -22"><span class='ocrx_word' id='word_1_32' title='bbox 121 943 269 1020; x_wconf 89' lang='lat' dir='ltr'><strong>peretur,</strong></span> <span class='ocrx_word' id='word_1_33' title='bbox 282 942 417 1000; x_wconf 89' lang='lat' dir='ltr'><strong>veteres</strong></span> <span class='ocrx_word' id='word_1_34' title='bbox 429 955 634 1000; x_wconf 90' lang='lat' dir='ltr'><strong>communem</strong></span> <span class='ocrx_word' id='word_1_35' title='bbox 647 955 722 1000; x_wconf 90' lang='lat' dir='ltr'><strong>esse</strong></span> <span class='ocrx_word' id='word_1_36' title='bbox 732 935 881 1000; x_wconf 77' lang='lat' dir='ltr'><strong>voluisse</strong></span> <span class='ocrx_word' id='word_1_37' title='bbox 892 937 1026 1001; x_wconf 82' lang='lat' dir='ltr'>scribit:</span> <span class='ocrx_word' id='word_1_38' title='bbox 1041 957 1151 1022; x_wconf 88' lang='lat' dir='ltr'><strong>noque</strong></span> <span class='ocrx_word' id='word_1_39' title='bbox 1163 959 1235 1004; x_wconf 91' lang='lat' dir='ltr'><strong>crc-</strong></span> 
     </span>
     <span class='ocr_line' id='line_1_6' title="bbox 121 1032 1234 1121; baseline 0.004 -24"><span class='ocrx_word' id='word_1_40' title='bbox 121 1032 226 1098; x_wconf 90' lang='lat' dir='ltr'><strong>dibile</strong></span> <span class='ocrx_word' id='word_1_41' title='bbox 241 1041 294 1098; x_wconf 91' lang='lat' dir='ltr'><strong>est</strong></span> <span class='ocrx_word' id='word_1_42' title='bbox 307 1041 376 1098; x_wconf 84' lang='lat' dir='ltr'><strong>tarn</strong></span> <span class='ocrx_word' id='word_1_43' title='bbox 391 1033 538 1098; x_wconf 86' lang='lat' dir='ltr'><strong>anticum</strong></span> <span class='ocrx_word' id='word_1_44' title='bbox 555 1039 688 1119; x_wconf 68' lang='lat' dir='ltr'><strong>poetam</strong></span> <span class='ocrx_word' id='word_1_45' title='bbox 704 1053 744 1097; x_wconf 87' lang='lat' dir='ltr'><strong>eo</strong></span> <span class='ocrx_word' id='word_1_46' title='bbox 760 1054 857 1098; x_wconf 90' lang='lat' dir='ltr'><strong>usum</strong></span> <span class='ocrx_word' id='word_1_47' title='bbox 873 1055 947 1098; x_wconf 87' lang='lat' dir='ltr'><strong>esse</strong></span> <span class='ocrx_word' id='word_1_48' title='bbox 962 1034 1056 1119; x_wconf 94' lang='lat' dir='ltr'><strong>quod</strong></span> <span class='ocrx_word' id='word_1_49' title='bbox 1070 1056 1234 1121; x_wconf 85' lang='lat' dir='ltr'><strong>gramma·</strong></span> 
     </span>
     <span class='ocr_line' id='line_1_7' title="bbox 122 1130 1237 1218; baseline 0.005 -24"><span class='ocrx_word' id='word_1_50' title='bbox 122 1133 210 1196; x_wconf 89' lang='lat' dir='ltr'><strong>ticus</strong></span> <span class='ocrx_word' id='word_1_51' title='bbox 219 1130 443 1198; x_wconf 80' lang='lat' dir='ltr'><strong>Eichenfeldii</strong></span> <span class='ocrx_word' id='word_1_52' title='bbox 454 1132 554 1217; x_wconf 80' lang='lat' dir='ltr'>p.444</span> <span class='ocrx_word' id='word_1_53' title='bbox 566 1139 736 1218; x_wconf 89' lang='lat' dir='ltr'><strong>tamquam</strong></span> <span class='ocrx_word' id='word_1_54' title='bbox 747 1131 930 1197; x_wconf 85' lang='lat' dir='ltr'><strong>barbarum</strong></span> <span class='ocrx_word' id='word_1_55' title='bbox 940 1132 1054 1207; x_wconf 90' lang='lat' dir='ltr'><strong>reicit,</strong></span> <span class='ocrx_word' id='word_1_56' title='bbox 1065 1154 1140 1198; x_wconf 91' lang='lat' dir='ltr'><strong>cum</strong></span> <span class='ocrx_word' id='word_1_57' title='bbox 1154 1135 1237 1200; x_wconf 91' lang='lat' dir='ltr'><strong>dicit</strong></span> 
     </span>
     <span class='ocr_line' id='line_1_8' title="bbox 122 1228 1235 1317; baseline 0.003 -23"><span class='ocrx_word' id='word_1_58' title='bbox 122 1253 207 1316; x_wconf 80' lang='lat' dir='ltr'><strong>aqua</strong></span> <span class='ocrx_word' id='word_1_59' title='bbox 215 1277 224 1308; x_wconf 89' lang='lat'><strong>,</strong></span> <span class='ocrx_word' id='word_1_60' title='bbox 239 1253 299 1294; x_wconf 83' lang='lat' dir='ltr'><strong>oca</strong></span> <span class='ocrx_word' id='word_1_61' title='bbox 312 1253 428 1317; x_wconf 64' lang='lat' dir='ltr'><strong>acqua</strong></span> <span class='ocrx_word' id='word_1_62' title='bbox 445 1237 498 1294; x_wconf 88' lang='lat' dir='ltr'><strong>est</strong></span> <span class='ocrx_word' id='word_1_63' title='bbox 510 1230 613 1317; x_wconf 91' lang='lat' dir='ltr'><strong>igitur</strong></span> <span class='ocrx_word' id='word_1_64' title='bbox 629 1228 843 1295; x_wconf 90' lang='lat' dir='ltr'><strong>scribendum</strong></span> <span class='ocrx_word' id='word_1_65' title='bbox 859 1242 957 1317; x_wconf 75' lang='lat' dir='ltr'><strong>oqcoe</strong></span> <span class='ocrx_word' id='word_1_66' title='bbox 971 1237 1007 1294; x_wconf 91' lang='lat' dir='ltr'><strong>et</strong></span> <span class='ocrx_word' id='word_1_67' title='bbox 1021 1234 1116 1317; x_wconf 76' lang='lat' dir='ltr'><strong>uqdai</strong></span> <span class='ocrx_word' id='word_1_68' title='bbox 1124 1281 1131 1296; x_wconf 91' lang='lat'><strong>.</strong></span> <span class='ocrx_word' id='word_1_69' title='bbox 1146 1233 1235 1296; x_wconf 90' lang='lat' dir='ltr'><strong>simi·</strong></span> 
     </span>
     <span class='ocr_line' id='line_1_9' title="bbox 123 1325 1235 1416; baseline 0.002 -25"><span class='ocrx_word' id='word_1_70' title='bbox 123 1327 201 1392; x_wconf 90' lang='lat' dir='ltr'><strong>liter</strong></span> <span class='ocrx_word' id='word_1_71' title='bbox 215 1325 396 1403; x_wconf 81' lang='lat' dir='ltr'><strong>Horatius,</strong></span> <span class='ocrx_word' id='word_1_72' title='bbox 417 1329 514 1413; x_wconf 89' lang='lat' dir='ltr'><strong>isque</strong></span> <span class='ocrx_word' id='word_1_73' title='bbox 528 1349 615 1392; x_wconf 91' lang='lat' dir='ltr'><strong>unus</strong></span> <span class='ocrx_word' id='word_1_74' title='bbox 630 1328 719 1402; x_wconf 80' lang='lat' dir='ltr'><strong>inter</strong></span> <span class='ocrx_word' id='word_1_75' title='bbox 735 1348 870 1402; x_wconf 87' lang='lat' dir='ltr'><strong>omnes,</strong></span> <span class='ocrx_word' id='word_1_76' title='bbox 891 1329 989 1393; x_wconf 70' lang='lat' dir='ltr'><strong>silim</strong></span> <span class='ocrx_word' id='word_1_77' title='bbox 1008 1330 1118 1394; x_wconf 85' lang='lat' dir='ltr'><strong>tribus</strong></span> <span class='ocrx_word' id='word_1_78' title='bbox 1133 1329 1235 1416; x_wconf 92' lang='lat' dir='ltr'><strong>sylla-</strong></span> 
     </span>
     <span class='ocr_line' id='line_1_10' title="bbox 122 1424 1231 1510; baseline 0.002 -20"><span class='ocrx_word' id='word_1_79' title='bbox 122 1425 177 1490; x_wconf 87' lang='lat' dir='ltr'><strong>bis</strong></span> <span class='ocrx_word' id='word_1_80' title='bbox 198 1425 303 1501; x_wconf 81' lang='lat' dir='ltr'><strong>dixit,</strong></span> <span class='ocrx_word' id='word_1_81' title='bbox 324 1424 482 1510; x_wconf 82' lang='lat' dir='ltr'><strong>idemque</strong></span> <span class='ocrx_word' id='word_1_82' title='bbox 497 1447 516 1490; x_wconf 91' lang='lat' dir='ltr'><strong>e</strong></span> <span class='ocrx_word' id='word_1_83' title='bbox 532 1426 704 1490; x_wconf 86' lang='lat' dir='ltr'><strong>contrario</strong></span> <span class='ocrx_word' id='word_1_84' title='bbox 719 1426 838 1489; x_wconf 74' lang='lat' dir='ltr'><strong>lurtum</strong></span> <span class='ocrx_word' id='word_1_85' title='bbox 854 1445 941 1510; x_wconf 85' lang='lat' dir='ltr'><strong>quae</strong></span> <span class='ocrx_word' id='word_1_86' title='bbox 954 1425 1077 1490; x_wconf 89' lang='lat' dir='ltr'><strong>Plauto</strong></span> <span class='ocrx_word' id='word_1_87' title='bbox 1093 1435 1127 1490; x_wconf 85' lang='lat' dir='ltr'><strong>st</strong></span> <span class='ocrx_word' id='word_1_88' title='bbox 1141 1427 1231 1492; x_wconf 80' lang='lat' dir='ltr'><strong>Pria·</strong></span> 
     </span>
     <span class='ocr_line' id='line_1_11' title="bbox 123 1521 1235 1609; baseline 0.003 -22"><span class='ocrx_word' id='word_1_89' title='bbox 123 1524 180 1607; x_wconf 87' lang='lat' dir='ltr'><strong>pei</strong></span> <span class='ocrx_word' id='word_1_90' title='bbox 194 1523 235 1587; x_wconf 80' lang='lat'><strong>33</strong></span> <span class='ocrx_word' id='word_1_91' title='bbox 255 1530 377 1608; x_wconf 76' lang='lat' dir='ltr'><strong>potitae</strong></span> <span class='ocrx_word' id='word_1_92' title='bbox 395 1524 487 1588; x_wconf 70' lang='lat' dir='ltr'><strong>unu</strong></span> <span class='ocrx_word' id='word_1_93' title='bbox 510 1529 581 1598; x_wconf 89' lang='lat' dir='ltr'><strong>est,</strong></span> <span class='ocrx_word' id='word_1_94' title='bbox 602 1522 807 1586; x_wconf 84' lang='lat' dir='ltr'><strong>Adamantio</strong></span> <span class='ocrx_word' id='word_1_95' title='bbox 822 1521 976 1588; x_wconf 88' lang='lat' dir='ltr'><strong>Putschii</strong></span> <span class='ocrx_word' id='word_1_96' title='bbox 990 1546 1022 1609; x_wconf 92' lang='lat' dir='ltr'><strong>p.</strong></span> <span class='ocrx_word' id='word_1_97' title='bbox 1031 1523 1113 1588; x_wconf 83' lang='lat'>2304</span> <span class='ocrx_word' id='word_1_98' title='bbox 1128 1526 1235 1604; x_wconf 79' lang='lat' dir='ltr'><strong>larba,</strong></span> 
     </span>
     <span class='ocr_line' id='line_1_12' title="bbox 121 1619 1236 1706; baseline 0.002 -22"><span class='ocrx_word' id='word_1_99' title='bbox 121 1622 204 1684; x_wconf 89' lang='lat' dir='ltr'><strong>item</strong></span> <span class='ocrx_word' id='word_1_100' title='bbox 217 1623 346 1686; x_wconf 68' lang='lat' dir='ltr'><strong>inilumn</strong></span> <span class='ocrx_word' id='word_1_101' title='bbox 360 1620 585 1706; x_wconf 74' lang='lat' dir='ltr'><strong>antiquiores,</strong></span> <span class='ocrx_word' id='word_1_102' title='bbox 599 1621 723 1684; x_wconf 71' lang='lat' dir='ltr'><strong>mileion</strong></span> <span class='ocrx_word' id='word_1_103' title='bbox 733 1619 872 1684; x_wconf 79' lang='lat' dir='ltr'><strong>Persius</strong></span> <span class='ocrx_word' id='word_1_104' title='bbox 886 1619 1054 1704; x_wconf 78' lang='lat' dir='ltr'><strong>Martialis</strong></span> <span class='ocrx_word' id='word_1_105' title='bbox 1067 1621 1236 1686; x_wconf 86' lang='lat' dir='ltr'><strong>Iuvenalis</strong></span> 
     </span>
     <span class='ocr_line' id='line_1_13' title="bbox 123 1716 1236 1802; baseline 0.002 -20"><span class='ocrx_word' id='word_1_106' title='bbox 123 1719 177 1802; x_wconf 90' lang='lat' dir='ltr'><strong>(in</strong></span> <span class='ocrx_word' id='word_1_107' title='bbox 191 1717 377 1784; x_wconf 88' lang='lat' dir='ltr'><strong>halieuticis</strong></span> <span class='ocrx_word' id='word_1_108' title='bbox 391 1719 432 1782; x_wconf 87' lang='grc'><strong>95</strong></span> <span class='ocrx_word' id='word_1_109' title='bbox 446 1717 662 1783; x_wconf 89' lang='lat' dir='ltr'><strong>scribendum</strong></span> <span class='ocrx_word' id='word_1_110' title='bbox 676 1719 734 1780; x_wconf 78' lang='lat' dir='ltr'><strong>&#39;iuli</strong></span> <span class='ocrx_word' id='word_1_111' title='bbox 748 1739 767 1780; x_wconf 85' lang='lat' dir='ltr'><strong>c</strong></span> <span class='ocrx_word' id='word_1_112' title='bbox 780 1716 928 1802; x_wconf 85' lang='lat' dir='ltr'><strong>Plinio),</strong></span> <span class='ocrx_word' id='word_1_113' title='bbox 950 1725 985 1782; x_wconf 86' lang='lat' dir='ltr'><strong>et</strong></span> <span class='ocrx_word' id='word_1_114' title='bbox 998 1719 1156 1794; x_wconf 86' lang='lat' dir='ltr'><strong>Plautus,</strong></span> <span class='ocrx_word' id='word_1_115' title='bbox 1171 1720 1236 1784; x_wconf 91' lang='lat' dir='ltr'><strong>nisi</strong></span> 
     </span>
     <span class='ocr_line' id='line_1_14' title="bbox 125 1815 1235 1902; baseline 0.002 -22"><span class='ocrx_word' id='word_1_116' title='bbox 125 1815 242 1892; x_wconf 82' lang='lat' dir='ltr'><strong>fallor,</strong></span> <span class='ocrx_word' id='word_1_117' title='bbox 258 1839 368 1881; x_wconf 84' lang='lat' dir='ltr'><strong>aeuum</strong></span> <span class='ocrx_word' id='word_1_118' title='bbox 379 1817 598 1902; x_wconf 82' lang='lat' dir='ltr'><strong>aliquotiens,</strong></span> <span class='ocrx_word' id='word_1_119' title='bbox 613 1823 651 1880; x_wconf 91' lang='lat' dir='ltr'><strong>ut</strong></span> <span class='ocrx_word' id='word_1_120' title='bbox 664 1817 698 1880; x_wconf 91' lang='lat' dir='ltr'><strong>in</strong></span> <span class='ocrx_word' id='word_1_121' title='bbox 710 1815 918 1880; x_wconf 79' lang='lat' dir='ltr'><strong>Truculento</strong></span> <span class='ocrx_word' id='word_1_122' title='bbox 934 1818 1006 1894; x_wconf 80' lang='lat'><strong>11‚7,</strong></span> <span class='ocrx_word' id='word_1_123' title='bbox 1018 1818 1056 1882; x_wconf 88' lang='grc'><strong>13</strong></span> <span class='ocrx_word' id='word_1_124' title='bbox 1069 1818 1144 1882; x_wconf 79' lang='lat' dir='ltr'><strong>Nisi</strong></span> <span class='ocrx_word' id='word_1_125' title='bbox 1154 1819 1235 1882; x_wconf 76' lang='lat' dir='ltr'><strong>deii-</strong></span> 
     </span>
     <span class='ocr_line' id='line_1_15' title="bbox 123 1914 1232 2000; baseline 0.002 -22"><span class='ocrx_word' id='word_1_126' title='bbox 123 1919 208 1978; x_wconf 72' lang='lat' dir='ltr'><strong>oelu&#39;r</strong></span> <span class='ocrx_word' id='word_1_127' title='bbox 228 1925 328 1980; x_wconf 74' lang='lat' dir='ltr'><strong>taram</strong></span> <span class='ocrx_word' id='word_1_128' title='bbox 339 1962 347 1994; x_wconf 90' lang='lat'><strong>,</strong></span> <span class='ocrx_word' id='word_1_129' title='bbox 369 1917 466 1978; x_wconf 81' lang='lat' dir='ltr'><strong>omnis</strong></span> <span class='ocrx_word' id='word_1_130' title='bbox 487 1917 523 1978; x_wconf 72' lang='lat' dir='ltr'><strong>da</strong></span> <span class='ocrx_word' id='word_1_131' title='bbox 544 1926 626 2000; x_wconf 74' lang='lat' dir='ltr'><strong>aqaa</strong></span> <span class='ocrx_word' id='word_1_132' title='bbox 646 1915 734 1978; x_wconf 79' lang='lat' dir='ltr'><strong>abeat</strong></span> <span class='ocrx_word' id='word_1_133' title='bbox 753 1915 787 1976; x_wconf 80' lang='lat' dir='ltr'><strong>ia</strong></span> <span class='ocrx_word' id='word_1_134' title='bbox 807 1935 913 1993; x_wconf 82' lang='lat' dir='ltr'><strong>mure,</strong></span> <span class='ocrx_word' id='word_1_135' title='bbox 935 1915 969 1978; x_wconf 94' lang='lat' dir='ltr'><strong>in</strong></span> <span class='ocrx_word' id='word_1_136' title='bbox 988 1914 1096 1979; x_wconf 88' lang='lat' dir='ltr'><strong>Milite</strong></span> <span class='ocrx_word' id='word_1_137' title='bbox 1111 1915 1232 1991; x_wconf 84' lang='lat'><strong>11‚6‚71</strong></span> 
     </span>
     <span class='ocr_line' id='line_1_16' title="bbox 126 2007 1235 2099; baseline 0 -22"><span class='ocrx_word' id='word_1_138' title='bbox 126 2007 213 2077; x_wconf 87' lang='lat' dir='ltr'><strong>Num</strong></span> <span class='ocrx_word' id='word_1_139' title='bbox 234 2035 272 2077; x_wconf 78' lang='lat' dir='ltr'><strong>ec</strong></span> <span class='ocrx_word' id='word_1_140' title='bbox 292 2035 353 2076; x_wconf 87' lang='lat' dir='ltr'><strong>uno</strong></span> <span class='ocrx_word' id='word_1_141' title='bbox 370 2023 461 2098; x_wconf 72' lang='lat' dir='ltr'><strong>paceo</strong></span> <span class='ocrx_word' id='word_1_142' title='bbox 480 2013 610 2077; x_wconf 74' lang='lat' dir='ltr'><strong>similior</strong></span> <span class='ocrx_word' id='word_1_143' title='bbox 629 2033 797 2099; x_wconf 80' lang='lat' dir='ltr'><strong>numquam</strong></span> <span class='ocrx_word' id='word_1_144' title='bbox 812 2013 894 2097; x_wconf 78' lang='lat' dir='ltr'><strong>potis</strong></span> <span class='ocrx_word' id='word_1_145' title='bbox 908 2015 1002 2098; x_wconf 85' lang='lat' dir='ltr'><strong>Aqua</strong></span> <span class='ocrx_word' id='word_1_146' title='bbox 1022 2018 1122 2099; x_wconf 76' lang='lat' dir='ltr'><strong>u&#39;qllcoe</strong></span> <span class='ocrx_word' id='word_1_147' title='bbox 1142 2016 1235 2094; x_wconf 66' lang='lat' dir='ltr'><strong>armi,</strong></span> 
     </span>
     <span class='ocr_line' id='line_1_17' title="bbox 125 2108 1236 2198; baseline -0.002 -22"><span class='ocrx_word' id='word_1_148' title='bbox 125 2135 220 2198; x_wconf 79' lang='lat' dir='ltr'><strong>quum</strong></span> <span class='ocrx_word' id='word_1_149' title='bbox 240 2111 316 2174; x_wconf 76' lang='lat' dir='ltr'><strong>laec</strong></span> <span class='ocrx_word' id='word_1_150' title='bbox 336 2122 380 2174; x_wconf 80' lang='lat' dir='ltr'><strong>est</strong></span> <span class='ocrx_word' id='word_1_151' title='bbox 399 2121 487 2197; x_wconf 75' lang='lat' dir='ltr'><strong>utque</strong></span> <span class='ocrx_word' id='word_1_152' title='bbox 507 2113 567 2175; x_wconf 79' lang='lat' dir='ltr'><strong>ieta</strong></span> <span class='ocrx_word' id='word_1_153' title='bbox 580 2111 716 2196; x_wconf 76' lang='lat' dir='ltr'><strong>bospite.</strong></span> <span class='ocrx_word' id='word_1_154' title='bbox 739 2108 885 2193; x_wconf 89' lang='lat' dir='ltr'><strong>denique</strong></span> <span class='ocrx_word' id='word_1_155' title='bbox 900 2110 957 2194; x_wconf 94' lang='lat' dir='ltr'><strong>qui</strong></span> <span class='ocrx_word' id='word_1_156' title='bbox 972 2118 1025 2174; x_wconf 86' lang='lat' dir='ltr'><strong>est</strong></span> <span class='ocrx_word' id='word_1_157' title='bbox 1039 2131 1059 2174; x_wconf 96' lang='lat' dir='ltr'><strong>a</strong></span> <span class='ocrx_word' id='word_1_158' title='bbox 1074 2109 1236 2174; x_wconf 80' lang='lat' dir='ltr'><strong>Cicerone</strong></span> 
     </span>
     <span class='ocr_line' id='line_1_18' title="bbox 124 2206 1237 2294; baseline 0.001 -21"><span class='ocrx_word' id='word_1_159' title='bbox 124 2210 159 2273; x_wconf 93' lang='lat' dir='ltr'><strong>in</strong></span> <span class='ocrx_word' id='word_1_160' title='bbox 174 2209 440 2272; x_wconf 87' lang='lat' dir='ltr'><strong>Tusculanarum</strong></span> <span class='ocrx_word' id='word_1_161' title='bbox 455 2233 477 2283; x_wconf 92' lang='lat'><strong>1,</strong></span> <span class='ocrx_word' id='word_1_162' title='bbox 494 2209 532 2272; x_wconf 94' lang='lat'><strong>10</strong></span> <span class='ocrx_word' id='word_1_163' title='bbox 553 2209 685 2294; x_wconf 89' lang='lat' dir='ltr'><strong>positus</strong></span> <span class='ocrx_word' id='word_1_164' title='bbox 706 2207 751 2272; x_wconf 89' lang='lat' dir='ltr'><strong>&#39;dc</strong></span> <span class='ocrx_word' id='word_1_165' title='bbox 766 2206 912 2272; x_wconf 85' lang='lat' dir='ltr'><strong>Tantalo</strong></span> <span class='ocrx_word' id='word_1_166' title='bbox 933 2207 1139 2282; x_wconf 81' lang='lat' dir='ltr'><strong>versiculus,</strong></span> <span class='ocrx_word' id='word_1_167' title='bbox 1162 2230 1237 2274; x_wconf 87' lang='lat' dir='ltr'><strong>eum</strong></span> 
     </span>
     <span class='ocr_line' id='line_1_19' title="bbox 125 2305 1237 2391; baseline 0 -21"><span class='ocrx_word' id='word_1_168' title='bbox 125 2327 241 2370; x_wconf 86' lang='lat' dir='ltr'><strong>omnes</strong></span> <span class='ocrx_word' id='word_1_169' title='bbox 257 2311 414 2371; x_wconf 88' lang='lat' dir='ltr'><strong>auctores</strong></span> <span class='ocrx_word' id='word_1_170' title='bbox 427 2307 476 2370; x_wconf 91' lang='lat' dir='ltr'><strong>ita</strong></span> <span class='ocrx_word' id='word_1_171' title='bbox 490 2307 653 2391; x_wconf 89' lang='lat' dir='ltr'><strong>scriptum</strong></span> <span class='ocrx_word' id='word_1_172' title='bbox 667 2305 772 2369; x_wconf 85' lang='lat' dir='ltr'><strong>fuisse</strong></span> <span class='ocrx_word' id='word_1_173' title='bbox 787 2305 1021 2379; x_wconf 89' lang='lat' dir='ltr'><strong>consentiunt,</strong></span> <span class='ocrx_word' id='word_1_174' title='bbox 1038 2307 1141 2372; x_wconf 65' lang='lat' dir='ltr'><strong>Mauo</strong></span> <span class='ocrx_word' id='word_1_175' title='bbox 1154 2329 1237 2370; x_wconf 79' lang='lat' dir='ltr'><strong>sum·</strong></span> 
     </span>
     <span class='ocr_line' id='line_1_20' title="bbox 124 2401 1237 2492; baseline -0.003 -22"><span class='ocrx_word' id='word_1_176' title='bbox 124 2427 208 2470; x_wconf 78' lang='lat' dir='ltr'><strong>mma</strong></span> <span class='ocrx_word' id='word_1_177' title='bbox 222 2417 334 2492; x_wconf 66' lang='lat' dir='ltr'><strong>uquam</strong></span> <span class='ocrx_word' id='word_1_178' title='bbox 348 2407 513 2490; x_wconf 67' lang='lat' dir='ltr'><strong>auinqeas,</strong></span> <span class='ocrx_word' id='word_1_179' title='bbox 528 2415 646 2470; x_wconf 72' lang='lat' dir='ltr'><strong>enectae</strong></span> <span class='ocrx_word' id='word_1_180' title='bbox 658 2404 727 2468; x_wconf 82' lang='lat' dir='ltr'><strong>siti.</strong></span> <span class='ocrx_word' id='word_1_181' title='bbox 748 2422 858 2487; x_wconf 86' lang='lat' dir='ltr'><strong>neque</strong></span> <span class='ocrx_word' id='word_1_182' title='bbox 873 2401 971 2466; x_wconf 88' lang='lat' dir='ltr'><strong>aliter</strong></span> <span class='ocrx_word' id='word_1_183' title='bbox 982 2403 1128 2469; x_wconf 88' lang='lat' dir='ltr'><strong>Titinius</strong></span> <span class='ocrx_word' id='word_1_184' title='bbox 1144 2403 1237 2488; x_wconf 86' lang='lat' dir='ltr'><strong>apud</strong></span> 
     </span>
     <span class='ocr_line' id='line_1_21' title="bbox 124 2501 1237 2588; baseline -0.001 -21"><span class='ocrx_word' id='word_1_185' title='bbox 124 2502 270 2567; x_wconf 91' lang='lat' dir='ltr'><strong>Nonium</strong></span> <span class='ocrx_word' id='word_1_186' title='bbox 283 2525 314 2587; x_wconf 88' lang='lat' dir='ltr'><strong>p.</strong></span> <span class='ocrx_word' id='word_1_187' title='bbox 324 2502 394 2578; x_wconf 81' lang='lat'><strong>245,</strong></span> <span class='ocrx_word' id='word_1_188' title='bbox 403 2503 441 2568; x_wconf 89' lang='grc'><strong>31</strong></span> <span class='ocrx_word' id='word_1_189' title='bbox 457 2505 554 2568; x_wconf 64' lang='lat' dir='ltr'><strong>Terre</strong></span> <span class='ocrx_word' id='word_1_190' title='bbox 563 2503 640 2567; x_wconf 79' lang='lat' dir='ltr'><strong>laec</strong></span> <span class='ocrx_word' id='word_1_191' title='bbox 649 2513 707 2582; x_wconf 82' lang='lat' dir='ltr'><strong>est,</strong></span> <span class='ocrx_word' id='word_1_192' title='bbox 721 2525 783 2567; x_wconf 80' lang='lat' dir='ltr'><strong>oca</strong></span> <span class='ocrx_word' id='word_1_193' title='bbox 793 2513 891 2588; x_wconf 80' lang='lat' dir='ltr'><strong>aqdc,</strong></span> <span class='ocrx_word' id='word_1_194' title='bbox 905 2501 958 2565; x_wconf 77' lang='lat' dir='ltr'><strong>uhi</strong></span> <span class='ocrx_word' id='word_1_195' title='bbox 972 2525 1003 2566; x_wconf 82' lang='lat' dir='ltr'><strong>ee</strong></span> <span class='ocrx_word' id='word_1_196' title='bbox 1017 2502 1097 2586; x_wconf 90' lang='lat' dir='ltr'><strong>(hoc</strong></span> <span class='ocrx_word' id='word_1_197' title='bbox 1108 2502 1237 2582; x_wconf 89' lang='lat' dir='ltr'><strong>addidi)</strong></span> 
     </span>
    </p>
   </div>
   <div class='ocr_carea' id='block_1_3' title="bbox 119 2599 1237 2873">
    <p class='ocr_par' dir='ltr' id='par_1_3' title="bbox 119 2599 1237 2873">
     <span class='ocr_line' id='line_1_22' title="bbox 125 2599 1237 2688; baseline 0.001 -23"><span class='ocrx_word' id='word_1_198' title='bbox 125 2613 158 2665; x_wconf 81' lang='lat' dir='ltr'><strong>lc</strong></span> <span class='ocrx_word' id='word_1_199' title='bbox 171 2603 275 2668; x_wconf 74' lang='lat' dir='ltr'><strong>collau</strong></span> <span class='ocrx_word' id='word_1_200' title='bbox 290 2603 463 2686; x_wconf 64' lang='lat' dir='ltr'><strong>arqutaiier</strong></span> <span class='ocrx_word' id='word_1_201' title='bbox 478 2601 629 2679; x_wconf 65' lang='lat' dir='ltr'><strong>Pedibus,</strong></span> <span class='ocrx_word' id='word_1_202' title='bbox 652 2611 765 2666; x_wconf 63' lang='lat' dir='ltr'><strong>melam</strong></span> <span class='ocrx_word' id='word_1_203' title='bbox 779 2599 852 2664; x_wconf 80' lang='lat' dir='ltr'><strong>dum</strong></span> <span class='ocrx_word' id='word_1_204' title='bbox 867 2601 1031 2688; x_wconf 74' lang='lat' dir='ltr'><strong>compercis</strong></span> <span class='ocrx_word' id='word_1_205' title='bbox 1049 2599 1141 2683; x_wconf 89' lang='lat' dir='ltr'><strong>(libri</strong></span> <span class='ocrx_word' id='word_1_206' title='bbox 1156 2623 1237 2666; x_wconf 76' lang='lat' dir='ltr'><strong>cota·</strong></span> 
     </span>
     <span class='ocr_line' id='line_1_23' title="bbox 119 2697 913 2787; baseline -0.005 -23"><span class='ocrx_word' id='word_1_207' title='bbox 119 2701 255 2784; x_wconf 76' lang='lat' dir='ltr'><strong>parcis),</strong></span> <span class='ocrx_word' id='word_1_208' title='bbox 270 2701 439 2764; x_wconf 65' lang='lat' dir='ltr'><strong>uestimenta</strong></span> <span class='ocrx_word' id='word_1_209' title='bbox 453 2701 506 2787; x_wconf 83' lang='lat' dir='ltr'><strong>qui</strong></span> <span class='ocrx_word' id='word_1_210' title='bbox 520 2701 601 2764; x_wconf 83' lang='lat' dir='ltr'><strong>laces</strong></span> <span class='ocrx_word' id='word_1_211' title='bbox 616 2698 712 2782; x_wconf 88' lang='lat' dir='ltr'><strong>(libri</strong></span> <span class='ocrx_word' id='word_1_212' title='bbox 726 2721 783 2784; x_wconf 83' lang='lat' dir='ltr'><strong>que</strong></span> <span class='ocrx_word' id='word_1_213' title='bbox 798 2697 913 2780; x_wconf 74' lang='lat' dir='ltr'><strong>levus).</strong></span> 
     </span>
     <span class='ocr_line' id='line_1_24' title="bbox 210 2795 1236 2873; baseline -0.003 -10"><span class='ocrx_word' id='word_1_214' title='bbox 210 2797 280 2864; x_wconf 83' lang='lat'>554.</span> <span class='ocrx_word' id='word_1_215' title='bbox 301 2795 359 2862; x_wconf 84' lang='lat' dir='ltr'><strong>Ur</strong></span> <span class='ocrx_word' id='word_1_216' title='bbox 387 2819 595 2862; x_wconf 77' lang='lat' dir='ltr'><strong>rnorsrun</strong></span> <span class='ocrx_word' id='word_1_217' title='bbox 616 2817 722 2872; x_wconf 78' lang='lat' dir='ltr'><strong>sons</strong></span> <span class='ocrx_word' id='word_1_218' title='bbox 745 2817 903 2860; x_wconf 79' lang='lat' dir='ltr'><strong>rnucru</strong></span> <span class='ocrx_word' id='word_1_219' title='bbox 925 2817 1085 2873; x_wconf 79' lang='lat' dir='ltr'><strong>ouoous</strong></span> <span class='ocrx_word' id='word_1_220' title='bbox 1107 2817 1236 2860; x_wconf 77' lang='lat' dir='ltr'><strong>rasas</strong></span> 
     </span>
    </p>
   </div>
   <div class='ocr_carea' id='block_1_4' title="bbox 127 2893 1241 4546">
    <p class='ocr_par' dir='ltr' id='par_1_4' title="bbox 127 2893 1241 4546">
     <span class='ocr_line' id='line_1_25' title="bbox 128 2893 1237 2980; baseline 0.002 -24"><span class='ocrx_word' id='word_1_221' title='bbox 128 2896 482 2960; x_wconf 76' lang='lat' dir='ltr'><strong>vncrnnas.Vacillat</strong></span> <span class='ocrx_word' id='word_1_222' title='bbox 492 2902 665 2959; x_wconf 89' lang='lat' dir='ltr'><strong>corrector</strong></span> <span class='ocrx_word' id='word_1_223' title='bbox 677 2894 816 2980; x_wconf 92' lang='lat' dir='ltr'><strong>oblongi</strong></span> <span class='ocrx_word' id='word_1_224' title='bbox 827 2901 861 2958; x_wconf 91' lang='lat' dir='ltr'><strong>et</strong></span> <span class='ocrx_word' id='word_1_225' title='bbox 872 2893 951 2956; x_wconf 92' lang='lat' dir='ltr'><strong>olim</strong></span> <span class='ocrx_word' id='word_1_226' title='bbox 961 2894 1237 2978; x_wconf 84' lang='lat' dir='ltr'><strong>impressi‚uucil-</strong></span> 
     </span>
     <span class='ocr_line' id='line_1_26' title="bbox 127 2988 1221 3075; baseline -0.005 -19"><span class='ocrx_word' id='word_1_227' title='bbox 127 2992 363 3056; x_wconf 74' lang='lat' dir='ltr'><strong>letAntoniusz</strong></span> <span class='ocrx_word' id='word_1_228' title='bbox 377 3013 455 3054; x_wconf 76' lang='lat' dir='ltr'><strong>vso</strong></span> <span class='ocrx_word' id='word_1_229' title='bbox 465 3013 614 3056; x_wconf 75' lang='lat' dir='ltr'><strong>inuans</strong></span> <span class='ocrx_word' id='word_1_230' title='bbox 630 2999 805 3056; x_wconf 90' lang='lat' dir='ltr'><strong>corrector</strong></span> <span class='ocrx_word' id='word_1_231' title='bbox 821 2988 979 3075; x_wconf 89' lang='lat' dir='ltr'><strong>quadrati</strong></span> <span class='ocrx_word' id='word_1_232' title='bbox 994 2991 1221 3055; x_wconf 74' lang='lat' dir='ltr'><strong>etAvantiuS.</strong></span> 
     </span>
     <span class='ocr_line' id='line_1_27' title="bbox 212 3087 1237 3166; baseline 0.001 -15"><span class='ocrx_word' id='word_1_233' title='bbox 212 3087 357 3152; x_wconf 62' lang='lat' dir='ltr'><strong>teani</strong></span> <span class='ocrx_word' id='word_1_234' title='bbox 378 3110 454 3152; x_wconf 79' lang='lat' dir='ltr'><strong>vns</strong></span> <span class='ocrx_word' id='word_1_235' title='bbox 476 3111 602 3153; x_wconf 77' lang='lat' dir='ltr'><strong>rursu</strong></span> <span class='ocrx_word' id='word_1_236' title='bbox 622 3112 704 3154; x_wconf 79' lang='lat' dir='ltr'><strong>uos</strong></span> <span class='ocrx_word' id='word_1_237' title='bbox 727 3111 821 3166; x_wconf 81' lang='lat' dir='ltr'><strong>corr</strong></span> <span class='ocrx_word' id='word_1_238' title='bbox 845 3109 1079 3153; x_wconf 76' lang='lat' dir='ltr'><strong>cousrsns.</strong></span> <span class='ocrx_word' id='word_1_239' title='bbox 1101 3088 1237 3152; x_wconf 73' lang='lat' dir='ltr'><strong>Inter-ra</strong></span> 
     </span>
     <span class='ocr_line' id='line_1_28' title="bbox 132 3184 1238 3272; baseline 0.002 -24"><span class='ocrx_word' id='word_1_240' title='bbox 132 3184 316 3259; x_wconf 86' lang='lat' dir='ltr'><strong>Marullus,</strong></span> <span class='ocrx_word' id='word_1_241' title='bbox 339 3185 409 3250; x_wconf 92' lang='lat' dir='ltr'><strong>sine</strong></span> <span class='ocrx_word' id='word_1_242' title='bbox 427 3207 548 3250; x_wconf 86' lang='lat' dir='ltr'><strong>sensu.</strong></span> <span class='ocrx_word' id='word_1_243' title='bbox 564 3187 794 3254; x_wconf 83' lang='lat' dir='ltr'><strong>Wakefieldus</strong></span> <span class='ocrx_word' id='word_1_244' title='bbox 807 3188 922 3272; x_wconf 90' lang='lat' dir='ltr'><strong>inepte</strong></span> <span class='ocrx_word' id='word_1_245' title='bbox 937 3187 1015 3252; x_wconf 79' lang='lat' dir='ltr'><strong>iuter</strong></span> <span class='ocrx_word' id='word_1_246' title='bbox 1028 3209 1100 3251; x_wconf 79' lang='lat' dir='ltr'><strong>uos.</strong></span> <span class='ocrx_word' id='word_1_247' title='bbox 1121 3207 1238 3250; x_wconf 89' lang='lat' dir='ltr'><strong>verum</strong></span> 
     </span>
     <span class='ocr_line' id='line_1_29' title="bbox 129 3283 1237 3370; baseline 0.001 -23"><span class='ocrx_word' id='word_1_248' title='bbox 129 3290 182 3348; x_wconf 88' lang='lat' dir='ltr'><strong>cst</strong></span> <span class='ocrx_word' id='word_1_249' title='bbox 195 3305 320 3348; x_wconf 74' lang='lat' dir='ltr'><strong>rursu</strong></span> <span class='ocrx_word' id='word_1_250' title='bbox 342 3305 435 3349; x_wconf 86' lang='lat' dir='ltr'><strong>nun.</strong></span> <span class='ocrx_word' id='word_1_251' title='bbox 450 3283 547 3350; x_wconf 89' lang='lat' dir='ltr'><strong>nimis</strong></span> <span class='ocrx_word' id='word_1_252' title='bbox 561 3285 711 3350; x_wconf 89' lang='lat' dir='ltr'><strong>breviter</strong></span> <span class='ocrx_word' id='word_1_253' title='bbox 724 3285 861 3349; x_wconf 87' lang='lat' dir='ltr'><strong>Servius</strong></span> <span class='ocrx_word' id='word_1_254' title='bbox 876 3283 922 3348; x_wconf 94' lang='lat' dir='ltr'><strong>ad</strong></span> <span class='ocrx_word' id='word_1_255' title='bbox 935 3284 1116 3370; x_wconf 88' lang='lat' dir='ltr'><strong>georgicon</strong></span> <span class='ocrx_word' id='word_1_256' title='bbox 1132 3284 1237 3358; x_wconf 80' lang='lat'><strong>11‚479</strong></span> 
     </span>
     <span class='ocr_line' id='line_1_30' title="bbox 127 3382 1237 3468; baseline 0 -21"><span class='ocrx_word' id='word_1_257' title='bbox 127 3383 195 3447; x_wconf 81' lang='lat' dir='ltr'><strong>Alii</strong></span> <span class='ocrx_word' id='word_1_258' title='bbox 214 3405 327 3468; x_wconf 79' lang='lat' dir='ltr'><strong>aquarn</strong></span> <span class='ocrx_word' id='word_1_259' title='bbox 347 3382 452 3446; x_wconf 63' lang='lat' dir='ltr'><strong>deum</strong></span> <span class='ocrx_word' id='word_1_260' title='bbox 468 3383 629 3467; x_wconf 71' lang='lat' dir='ltr'><strong>qmitulem</strong></span> <span class='ocrx_word' id='word_1_261' title='bbox 648 3384 703 3447; x_wconf 66' lang='lat' dir='ltr'><strong>aab</strong></span> <span class='ocrx_word' id='word_1_262' title='bbox 725 3384 815 3448; x_wconf 74' lang='lat' dir='ltr'><strong>imis</strong></span> <span class='ocrx_word' id='word_1_263' title='bbox 830 3383 944 3446; x_wconf 68' lang='lat' dir='ltr'><strong>moveri</strong></span> <span class='ocrx_word' id='word_1_264' title='bbox 957 3394 985 3446; x_wconf 81' lang='lat' dir='ltr'><strong>et</strong></span> <span class='ocrx_word' id='word_1_265' title='bbox 997 3384 1089 3447; x_wconf 62' lang='lat' dir='ltr'><strong>omui</strong></span> <span class='ocrx_word' id='word_1_266' title='bbox 1101 3406 1152 3447; x_wconf 82' lang='lat' dir='ltr'><strong>ecs</strong></span> <span class='ocrx_word' id='word_1_267' title='bbox 1167 3405 1237 3447; x_wconf 84' lang='lat' dir='ltr'><strong>coa·</strong></span> 
     </span>
     <span class='ocr_line' id='line_1_31' title="bbox 128 3480 1237 3566; baseline 0.001 -23"><span class='ocrx_word' id='word_1_268' title='bbox 128 3491 248 3559; x_wconf 69' lang='lat' dir='ltr'><strong>cume,</strong></span> <span class='ocrx_word' id='word_1_269' title='bbox 268 3481 345 3544; x_wconf 67' lang='lat' dir='ltr'><strong>sieut</strong></span> <span class='ocrx_word' id='word_1_270' title='bbox 354 3501 410 3544; x_wconf 78' lang='lat' dir='ltr'><strong>aas</strong></span> <span class='ocrx_word' id='word_1_271' title='bbox 422 3501 541 3566; x_wconf 78' lang='lat' dir='ltr'><strong>cquae,</strong></span> <span class='ocrx_word' id='word_1_272' title='bbox 562 3493 596 3546; x_wconf 80' lang='lat' dir='ltr'><strong>ut</strong></span> <span class='ocrx_word' id='word_1_273' title='bbox 609 3483 682 3546; x_wconf 81' lang='lat' dir='ltr'><strong>dicit</strong></span> <span class='ocrx_word' id='word_1_274' title='bbox 696 3480 877 3546; x_wconf 67' lang='lat' dir='ltr'><strong>Lucretio.</strong></span> <span class='ocrx_word' id='word_1_275' title='bbox 901 3501 988 3565; x_wconf 87' lang='lat' dir='ltr'><strong>quae</strong></span> <span class='ocrx_word' id='word_1_276' title='bbox 1003 3481 1164 3546; x_wconf 85' lang='lat' dir='ltr'><strong>exscribit</strong></span> <span class='ocrx_word' id='word_1_277' title='bbox 1177 3481 1237 3544; x_wconf 91' lang='lat' dir='ltr'><strong>Isi-</strong></span> 
     </span>
     <span class='ocr_line' id='line_1_32' title="bbox 129 3576 545 3662; baseline 0 -22"><span class='ocrx_word' id='word_1_278' title='bbox 129 3576 236 3641; x_wconf 88' lang='lat' dir='ltr'><strong>dorus</strong></span> <span class='ocrx_word' id='word_1_279' title='bbox 251 3578 416 3662; x_wconf 90' lang='lat' dir='ltr'><strong>originum</strong></span> <span class='ocrx_word' id='word_1_280' title='bbox 430 3599 500 3652; x_wconf 77' lang='lat' dir='ltr'><strong>xiv,</strong></span> <span class='ocrx_word' id='word_1_281' title='bbox 512 3577 545 3640; x_wconf 89' lang='lat' dir='ltr'><strong>l.</strong></span> 
     </span>
     <span class='ocr_line' id='line_1_33' title="bbox 167 3675 1075 3761; baseline 0 -23"><span class='ocrx_word' id='word_1_282' title='bbox 167 3739 171 3746; x_wconf 82' lang='grc'><strong><em>,</em></strong></span> <span class='ocrx_word' id='word_1_283' title='bbox 210 3675 281 3740; x_wconf 88' lang='grc'><strong>558.</strong></span> <span class='ocrx_word' id='word_1_284' title='bbox 297 3698 344 3738; x_wconf 83' lang='lat' dir='ltr'><strong>nr</strong></span> <span class='ocrx_word' id='word_1_285' title='bbox 366 3698 513 3740; x_wconf 78' lang='lat' dir='ltr'><strong>uncus.</strong></span> <span class='ocrx_word' id='word_1_286' title='bbox 537 3675 757 3742; x_wconf 87' lang='lat' dir='ltr'><strong>Correctores</strong></span> <span class='ocrx_word' id='word_1_287' title='bbox 773 3675 902 3761; x_wconf 88' lang='lat' dir='ltr'><strong>antiqui</strong></span> <span class='ocrx_word' id='word_1_288' title='bbox 918 3699 938 3740; x_wconf 92' lang='lat' dir='ltr'><strong>u</strong></span> <span class='ocrx_word' id='word_1_289' title='bbox 949 3698 1075 3738; x_wconf 82' lang='lat' dir='ltr'><strong>noar.</strong></span> 
     </span>
     <span class='ocr_line' id='line_1_34' title="bbox 212 3772 1238 3838; baseline -0.004 0"><span class='ocrx_word' id='word_1_290' title='bbox 212 3772 534 3838; x_wconf 79' lang='lat' dir='ltr'><strong>563.Iucn1nuru</strong></span> <span class='ocrx_word' id='word_1_291' title='bbox 554 3797 713 3838; x_wconf 79' lang='lat' dir='ltr'><strong>nrnnnr</strong></span> <span class='ocrx_word' id='word_1_292' title='bbox 736 3796 927 3838; x_wconf 71' lang='lat' dir='ltr'><strong>munnam</strong></span> <span class='ocrx_word' id='word_1_293' title='bbox 943 3795 1126 3837; x_wconf 79' lang='lat' dir='ltr'><strong>ruonrra</strong></span> <span class='ocrx_word' id='word_1_294' title='bbox 1142 3794 1238 3836; x_wconf 76' lang='lat' dir='ltr'><strong>raa-</strong></span> 
     </span>
     <span class='ocr_line' id='line_1_35' title="bbox 128 3870 1240 3958; baseline -0.003 -22"><span class='ocrx_word' id='word_1_295' title='bbox 128 3894 401 3948; x_wconf 75' lang='lat' dir='ltr'><strong>rnn.s.u.Q.o.</strong></span> <span class='ocrx_word' id='word_1_296' title='bbox 424 3870 620 3951; x_wconf 85' lang='lat' dir='ltr'><strong>Quadratus</strong></span> <span class='ocrx_word' id='word_1_297' title='bbox 629 3873 738 3958; x_wconf 77' lang='lat' dir='ltr'><strong>prodit</strong></span> <span class='ocrx_word' id='word_1_298' title='bbox 745 3884 868 3958; x_wconf 81' lang='lat' dir='ltr'><strong>partem</strong></span> <span class='ocrx_word' id='word_1_299' title='bbox 882 3893 1007 3958; x_wconf 72' lang='lat' dir='ltr'><strong>aquaq,</strong></span> <span class='ocrx_word' id='word_1_300' title='bbox 1022 3879 1060 3934; x_wconf 91' lang='lat' dir='ltr'><strong>ut</strong></span> <span class='ocrx_word' id='word_1_301' title='bbox 1075 3879 1240 3954; x_wconf 86' lang='lat' dir='ltr'><strong>appareat</strong></span> 
     </span>
     <span class='ocr_line' id='line_1_36' title="bbox 128 3968 1241 4057; baseline 0 -25"><span class='ocrx_word' id='word_1_302' title='bbox 128 3969 297 4035; x_wconf 88' lang='lat' dir='ltr'><strong>librarium</strong></span> <span class='ocrx_word' id='word_1_303' title='bbox 319 3969 378 4033; x_wconf 91' lang='lat' dir='ltr'><strong>illa</strong></span> <span class='ocrx_word' id='word_1_304' title='bbox 400 3993 517 4057; x_wconf 78' lang='lat' dir='ltr'><strong>auqq.</strong></span> <span class='ocrx_word' id='word_1_305' title='bbox 541 3991 609 4035; x_wconf 95' lang='lat' dir='ltr'><strong>non</strong></span> <span class='ocrx_word' id='word_1_306' title='bbox 630 3970 857 4044; x_wconf 83' lang='lat' dir='ltr'><strong>intellexisse,</strong></span> <span class='ocrx_word' id='word_1_307' title='bbox 879 3989 965 4054; x_wconf 89' lang='lat' dir='ltr'><strong>quae</strong></span> <span class='ocrx_word' id='word_1_308' title='bbox 981 3968 1189 4032; x_wconf 85' lang='lat' dir='ltr'><strong>Veronensis</strong></span> <span class='ocrx_word' id='word_1_309' title='bbox 1205 3977 1241 4032; x_wconf 91' lang='lat' dir='ltr'><strong>ct</strong></span> 
     </span>
     <span class='ocr_line' id='line_1_37' title="bbox 128 4067 1240 4155; baseline -0.001 -24"><span class='ocrx_word' id='word_1_310' title='bbox 128 4068 280 4132; x_wconf 89' lang='lat' dir='ltr'><strong>Venetus</strong></span> <span class='ocrx_word' id='word_1_311' title='bbox 294 4069 343 4132; x_wconf 89' lang='lat' dir='ltr'><strong>ita</strong></span> <span class='ocrx_word' id='word_1_312' title='bbox 357 4069 485 4153; x_wconf 89' lang='lat' dir='ltr'><strong>scripta</strong></span> <span class='ocrx_word' id='word_1_313' title='bbox 500 4067 680 4142; x_wconf 84' lang='lat' dir='ltr'><strong>exhibent,</strong></span> <span class='ocrx_word' id='word_1_314' title='bbox 703 4093 723 4133; x_wconf 88' lang='lat' dir='ltr'><strong>u</strong></span> <span class='ocrx_word' id='word_1_315' title='bbox 738 4093 758 4133; x_wconf 88' lang='lat' dir='ltr'><strong>u</strong></span> <span class='ocrx_word' id='word_1_316' title='bbox 773 4070 795 4132; x_wconf 86' lang='lat' dir='ltr'><strong>ii</strong></span> <span class='ocrx_word' id='word_1_317' title='bbox 810 4091 855 4155; x_wconf 75' lang='lat' dir='ltr'><strong>q,</strong></span> <span class='ocrx_word' id='word_1_318' title='bbox 872 4067 1058 4131; x_wconf 88' lang='lat' dir='ltr'><strong>omiserunt</strong></span> <span class='ocrx_word' id='word_1_319' title='bbox 1072 4067 1240 4132; x_wconf 86' lang='lat' dir='ltr'><strong>Antonius</strong></span> 
     </span>
     <span class='ocr_line' id='line_1_38' title="bbox 127 4164 1238 4253; baseline 0 -25"><span class='ocrx_word' id='word_1_320' title='bbox 127 4174 163 4228; x_wconf 90' lang='lat' dir='ltr'><strong>et</strong></span> <span class='ocrx_word' id='word_1_321' title='bbox 176 4164 380 4230; x_wconf 86' lang='lat' dir='ltr'><strong>Brixiensis:</strong></span> <span class='ocrx_word' id='word_1_322' title='bbox 404 4187 513 4251; x_wconf 91' lang='lat' dir='ltr'><strong>neque</strong></span> <span class='ocrx_word' id='word_1_323' title='bbox 536 4187 598 4251; x_wconf 85' lang='lat' dir='ltr'><strong>ego</strong></span> <span class='ocrx_word' id='word_1_324' title='bbox 623 4166 705 4251; x_wconf 90' lang='lat' dir='ltr'><strong>quid</strong></span> <span class='ocrx_word' id='word_1_325' title='bbox 720 4188 781 4253; x_wconf 88' lang='lat' dir='ltr'><strong>per</strong></span> <span class='ocrx_word' id='word_1_326' title='bbox 796 4187 837 4229; x_wconf 90' lang='lat' dir='ltr'><strong>ea</strong></span> <span class='ocrx_word' id='word_1_327' title='bbox 852 4165 1056 4251; x_wconf 86' lang='lat' dir='ltr'><strong>significetur</strong></span> <span class='ocrx_word' id='word_1_328' title='bbox 1074 4173 1238 4250; x_wconf 83' lang='lat' dir='ltr'><strong>exputare</strong></span> 
     </span>
     <span class='ocr_line' id='line_1_39' title="bbox 128 4262 1240 4350; baseline -0.002 -23"><span class='ocrx_word' id='word_1_329' title='bbox 128 4285 286 4346; x_wconf 89' lang='lat' dir='ltr'><strong>possum.</strong></span> <span class='ocrx_word' id='word_1_330' title='bbox 308 4263 375 4329; x_wconf 91' lang='lat' dir='ltr'><strong>hoc</strong></span> <span class='ocrx_word' id='word_1_331' title='bbox 396 4265 487 4336; x_wconf 87' lang='lat' dir='ltr'><strong>scio,</strong></span> <span class='ocrx_word' id='word_1_332' title='bbox 510 4265 607 4328; x_wconf 87' lang='lat' dir='ltr'><strong>linem</strong></span> <span class='ocrx_word' id='word_1_333' title='bbox 629 4265 774 4350; x_wconf 87' lang='lat' dir='ltr'><strong>paginae</strong></span> <span class='ocrx_word' id='word_1_334' title='bbox 788 4262 888 4327; x_wconf 90' lang='lat' dir='ltr'><strong>huius</strong></span> <span class='ocrx_word' id='word_1_335' title='bbox 902 4263 979 4329; x_wconf 92' lang='lat' dir='ltr'><strong>libri</strong></span> <span class='ocrx_word' id='word_1_336' title='bbox 994 4263 1173 4349; x_wconf 87' lang='lat' dir='ltr'><strong>vigesimae</strong></span> <span class='ocrx_word' id='word_1_337' title='bbox 1189 4283 1240 4325; x_wconf 90' lang='lat' dir='ltr'><strong>se·</strong></span> 
     </span>
     <span class='ocr_line' id='line_1_40' title="bbox 129 4360 1241 4448; baseline -0.004 -22"><span class='ocrx_word' id='word_1_338' title='bbox 129 4361 262 4426; x_wconf 83' lang='lat' dir='ltr'><strong>eundae</strong></span> <span class='ocrx_word' id='word_1_339' title='bbox 275 4363 310 4426; x_wconf 93' lang='lat' dir='ltr'><strong>in</strong></span> <span class='ocrx_word' id='word_1_340' title='bbox 325 4360 443 4426; x_wconf 88' lang='lat' dir='ltr'><strong>codice</strong></span> <span class='ocrx_word' id='word_1_341' title='bbox 459 4363 598 4448; x_wconf 88' lang='lat' dir='ltr'><strong>antiquo</strong></span> <span class='ocrx_word' id='word_1_342' title='bbox 613 4385 681 4428; x_wconf 93' lang='lat' dir='ltr'><strong>non</strong></span> <span class='ocrx_word' id='word_1_343' title='bbox 696 4362 752 4426; x_wconf 92' lang='lat' dir='ltr'><strong>hic</strong></span> <span class='ocrx_word' id='word_1_344' title='bbox 766 4361 887 4435; x_wconf 84' lang='lat' dir='ltr'><strong>fuisse,</strong></span> <span class='ocrx_word' id='word_1_345' title='bbox 903 4362 964 4427; x_wconf 89' lang='lat' dir='ltr'><strong>sed</strong></span> <span class='ocrx_word' id='word_1_346' title='bbox 976 4362 1078 4448; x_wconf 86' lang='lat' dir='ltr'><strong>paulo</strong></span> <span class='ocrx_word' id='word_1_347' title='bbox 1090 4368 1168 4424; x_wconf 89' lang='lat' dir='ltr'><strong>ante</strong></span> <span class='ocrx_word' id='word_1_348' title='bbox 1184 4360 1241 4425; x_wconf 89' lang='lat' dir='ltr'><strong>ubi</strong></span> 
     </span>
     <span class='ocr_line' id='line_1_41' title="bbox 130 4457 1241 4546; baseline -0.001 -23"><span class='ocrx_word' id='word_1_349' title='bbox 130 4469 184 4524; x_wconf 85' lang='lat' dir='ltr'><strong>est</strong></span> <span class='ocrx_word' id='word_1_350' title='bbox 197 4462 356 4546; x_wconf 78' lang='lat' dir='ltr'><strong>speluncas</strong></span> <span class='ocrx_word' id='word_1_351' title='bbox 370 4461 483 4526; x_wconf 69' lang='lat' dir='ltr'><strong>uiridia</strong></span> <span class='ocrx_word' id='word_1_352' title='bbox 498 4463 594 4526; x_wconf 78' lang='lat' dir='ltr'><strong>ultus.</strong></span> <span class='ocrx_word' id='word_1_353' title='bbox 618 4483 726 4546; x_wconf 89' lang='lat' dir='ltr'><strong>neque</strong></span> <span class='ocrx_word' id='word_1_354' title='bbox 749 4481 830 4524; x_wconf 90' lang='lat' dir='ltr'><strong>vero</strong></span> <span class='ocrx_word' id='word_1_355' title='bbox 846 4508 853 4534; x_wconf 91' lang='lat'><strong>,</strong></span> <span class='ocrx_word' id='word_1_356' title='bbox 876 4461 980 4545; x_wconf 91' lang='lat' dir='ltr'><strong>siquis</strong></span> <span class='ocrx_word' id='word_1_357' title='bbox 994 4461 1049 4526; x_wconf 89' lang='lat' dir='ltr'><strong>hic</strong></span> <span class='ocrx_word' id='word_1_358' title='bbox 1067 4467 1168 4524; x_wconf 86' lang='lat' dir='ltr'><strong>notae</strong></span> <span class='ocrx_word' id='word_1_359' title='bbox 1184 4457 1241 4522; x_wconf 87' lang='lat' dir='ltr'><strong>ali-</strong></span> 
     </span>
    </p>
   </div>
   <div class='ocr_carea' id='block_1_5' title="bbox 0 0 1502 5182">
    <p class='ocr_par' dir='ltr' id='par_1_5' title="bbox 0 0 1502 5182">
     <span class='ocr_line' id='line_1_42' title="bbox 0 0 1502 5182; baseline 0 0"><span class='ocrx_word' id='word_1_360' title='bbox 0 0 1502 5182; x_wconf 95' lang='lat' dir='ltr'><strong> </strong></span> 
     </span>
    </p>
   </div>
  </div>
 </body>
</html>
