2990 5182
669 498 717 564 Vl
1144 557 1151 574 ,
1174 498 1239 564 381

137 675 232 738 inermi
246 683 369 758 partem
383 675 410 734 si
426 674 574 757 presseris
588 693 701 750 terrain,
725 671 839 736 Sentiet
851 674 919 762 acis
933 693 1008 735 orem
1019 696 1029 733 .·
1049 672 1152 736 librae
1167 694 1244 757 pore·

136 773 214 834 dero
230 772 308 834 coeli
322 770 402 833 Orbe
416 781 480 834 tene
494 771 608 834 medie.
626 791 734 855 neque
750 773 814 834 iam
826 769 880 834 his
896 769 1117 834 consideratis
1131 791 1243 856 quem·

138 889 239 952 quam
256 867 329 932 fore
344 889 445 952 spero
463 870 519 953 qui
536 869 688 934 Gesnero
708 875 875 955 repugnet
889 869 924 931 in
937 867 1071 931 Horatii
1087 868 1244 952 epistula-

134 987 209 1029 rum
223 965 323 1038 1‚6,51
340 965 425 1028 illud
436 977 521 1029 treas
528 969 670 1051 peredere
681 969 820 1030 &ceam
834 967 994 1050 Pon-ipere
1009 967 1244 1049 interpretanti

133 1059 232 1126 'ultra
251 1063 485 1128 libramentum
507 1063 577 1126 sive
601 1064 832 1147 aequilibrium
854 1062 1033 1147 corporis!
1049 1061 1110 1125 sed
1125 1063 1244 1147 pamm
1353 1129 1356 1135 ,

134 1161 297 1248 singulari
312 1182 450 1225 numero
472 1163 520 1225 ita
535 1159 601 1225 dici
616 1182 685 1224 non
706 1181 808 1246 posse
824 1159 1004 1224 Turnebus
1019 1165 1111 1222 recte
1127 1161 1243 1225 obser·

137 1259 244 1332 vavit3
261 1279 328 1342 quo
343 1259 381 1324 fit
395 1268 434 1322 ut
447 1259 481 1322 in
492 1259 640 1324 Lucretii
656 1279 756 1322 versu
770 1260 803 1321 ia
812 1259 950 1343 pondere
960 1256 1166 1321 reiciendum
1181 1259 1242 1321 sit.

218 1355 288 1418 582.
311 1355 589 1419 Vnnsneunna
611 1376 845 1419 ronrarun.
868 1354 1052 1419 Verissime
1073 1353 1147 1419 Itali
1171 1356 1241 1419 Ver·

135 1453 273 1516 sabaea-do
281 1475 374 1550 olon.

107 1549 113 1556 ’
218 1549 962 1614 584.D1rr1nans.lidemDrrrrnnnns.

218 1647 287 1712 586.
303 1669 379 1723 Qun
395 1669 555 1711 nxrros.
569 1646 764 1726 Quadratus
776 1670 850 1734 que.
867 1647 1160 1722 Aventiusounm
1180 1648 1241 1712 sed

131 1744 222 1810 idem
239 1745 323 1808 mule
338 1745 576 1830 Disaerbatque.

217 1843 287 1908 588.
300 1863 503 1907 cecinnae
512 1866 548 1905 r.
562 1841 758 1922 Quadratus
770 1843 949 1907 caeciderat.
961 1843 1117 1927 impressi
1129 1865 1173 1907 ca
1182 1867 1199 1908 c
1209 1867 1240 1908 ι-

135 1963 310 2005 nanunr.

216 2039 460 2104 589.1›0ssua
482 2037 737 2103 Suessones.
754 2035 936 2102 Correotor
957 2038 1115 2122 quadrati
1137 2049 1171 2103 et
1186 2061 1239 2104 ce·
1285 2093 1287 2098 .

133 2137 196 2200 teri
213 2157 384 2201 nessus.

216 2234 285 2298 594.
300 2255 350 2296 nr
370 2257 411 2296 rn
433 2254 632 2297 nosrnos.
656 2231 839 2297 Corrector
853 2231 1011 2316 quadrati
1027 2243 1061 2297 et
1076 2235 1239 2300 Marullus

134 2353 201 2395 urr
217 2343 349 2396 nostros.

215 2429 752 2506 600.11›Qmsms00srusr
768 2450 886 2492 venir
907 2449 1064 2492 conans
1080 2451 1238 2494 nornis.

134 2531 315 2594 Corrcctor
327 2527 464 2614 oblongi
481 2549 709 2591 conruens.
726 2526 788 2591 sed
800 2525 1000 2614 ldqoesolus
1011 2526 1240 2594 Wakefieldus

132 2648 169 2691 se
181 2626 376 2713 intellegere
389 2623 563 2710 professus
576 2632 644 2698 est,
657 2625 715 2710 qui
726 2646 794 2688 non
803 2624 986 2688 clarissime
996 2626 1240 2712 interpretatur

131 2723 199 2787 hoc
216 2723 334 2798 modo,
349 2725 385 2787 td
394 2725 476 2809 qaod
492 2723 713 2809 biatreseeerit.
728 2723 912 2787 Lambinus
926 2722 983 2786 hic
997 2733 1035 2786 ut
1050 2723 1127 2788 alibi
1144 2747 1238 2790 suurn

134 2821 179 2884 lm
194 2821 340 2888 infulcit.
356 2823 453 2885 unice
465 2829 581 2905 aptum
593 2829 646 2883 est
660 2822 717 2884 An
727 2842 820 2897 qua,
837 2841 937 2904 quam
952 2812 1125 2886 scribendi
1135 2825 1238 2888 ratio·

131 2941 205 2983 nem
221 2920 377 2984 librarius
393 2919 530 3005 oblongi
545 2939 724 3003 numquam
740 2917 895 2992 admisit,
917 2917 1118 3001 aliquotiens
1134 2920 1238 2985 babet

131 3017 334 3100 quadratae,
349 3017 383 3079 in
398 3015 498 3090 11,881
515 3017 577 3079 918
594 3017 672 3080 1119
689 3016 770 3081 1128
782 3039 830 3091 111,
839 3015 879 3078 29
894 3013 971 3079 284.

216 3112 286 3176 604.
319 3113 504 3176 Sonnrra
537 3135 583 3176 rr
611 3135 719 3178 nunc
751 3135 961 3177 srruunun
994 3135 1161 3189 Quanau
1189 3139 1238 3178 nn

134 3231 252 3272 enarr
274 3230 463 3273 rinonrs.
485 3207 618 3273 Panrn
640 3211 855 3277 scribendum
871 3231 945 3273 esse
959 3209 1045 3274 vidit
1064 3221 1239 3278 corrector

133 3307 287 3394 oblongi;
302 3307 337 3372 in
352 3328 420 3392 quo
435 3315 509 3372 erat
523 3309 632 3393 prima
647 3331 746 3374 manu
761 3311 870 3374 Sabelle
880 3309 1011 3387 eltnae,
1028 3309 1120 3392 quod
1132 3312 1237 3375 Anto·
1283 3384 1290 3394 ,

130 3405 205 3483 nius
222 3411 256 3469 et
265 3406 430 3469 Aventius
445 3427 583 3491 quoque
599 3407 784 3481 dederunt,
807 3429 881 3472 cum
896 3407 973 3470 olim
988 3407 1141 3490 impressi
1157 3431 1237 3494 qua·

129 3503 265 3566 drotum
291 3511 325 3568 et
352 3511 579 3568 correctorem
601 3504 739 3590 oblongi
761 3511 964 3588 sequantur.
994 3505 1135 3570 Subditat
1159 3507 1238 3572 tarne

130 3599 311 3665 Marullus.
327 3601 394 3666 hoc
405 3601 588 3666 Lambinus
600 3623 674 3666 oum
687 3603 809 3694 ceteris
821 3602 903 3666 nihil
913 3603 1053 3667 miratus
1068 3607 1233 3670 transmit·

128 3700 186 3772 tit,
208 3697 312 3783 idque
326 3699 361 3761 in
382 3699 490 3764 lexica
503 3707 677 3785 receptum
694 3707 747 3764 est
768 3709 938 3785 tamquam
952 3698 1238 3786 frequentativum

125 3795 237 3859 media
246 3795 380 3883 syllaba
390 3803 581 3860 truncatum
592 3795 837 3862 ‚Wakefieldus
849 3798 1014 3883 glossario
1026 3807 1140 3862 vetere
1152 3803 1236 3866 malo

126 3886 208 3956 usus
232 3893 351 3959 debuit
373 3903 465 3960 certe
481 3915 523 3958 ex
539 3915 579 3958 eo
603 3895 714 3958 omnia
729 3915 919 3979 apponere,
942 3903 981 3957 ut
1002 3913 1182 3981 appareret
1198 3921 1238 3963 ea

126 3989 194 4055 huc
207 4011 275 4054 non
287 3993 475 4076 pertinere.
491 3999 571 4055 sunt
589 4002 700 4055 autem
714 3991 934 4056 huiusmodi.
950 3990 1153 4078 inexqplacrc,
1168 4000 1234 4062 sab·
1342 3985 1350 3994 ⁶

124 4090 204 4152 ditas
226 4089 348 4174 (mettas)
360 4139 368 4169 ,
392 4091 574 4175 pipnerocio
586 4138 594 4168 ,
615 4091 770 4155 aeditus.
798 4089 1036 4174 insxrptacnbc,
1060 4094 1235 4180 eloripetio,

33 4267 38 4276 ἰ
125 4189 307 4268 eistetiensis,
318 4190 515 4273 pipneradm
532 4189 708 4273 occepere.
731 4187 922 4272 ἐκεχγριὰῑω
936 4238 941 4260 ,
957 4188 1090 4274 clerieo,
1104 4193 1235 4270 addito,

120 4287 251 4369 piyreero
265 4334 274 4365 ,
290 4289 440 4371 pipnoro.
457 4307 543 4371 quae
559 4295 597 4348 ut
612 4285 722 4349 fateor
736 4305 790 4348 me
804 4305 872 4347 non
887 4286 1099 4372 intellegere,
1115 4292 1160 4352 ita
1175 4290 1234 4353 ad-

124 4381 255 4446 firmare
271 4403 409 4466 possum
425 4405 446 4448 a
461 4383 618 4448 Lucretio
634 4405 709 4448 esse
724 4383 834 4449 Seebdit
845 4405 974 4449 araus
989 4387 1158 4449 stimeelam.
