2970 5268
139 642 186 688 105
209 647 340 712 semper
355 627 440 690 enim
455 648 616 691 summum
632 626 792 713 quicquid
807 626 965 692 derebus
981 625 1146 700 abundat,

211 739 303 826 quod
318 741 519 806 iaculentur.
532 752 566 806 et
579 742 646 808 hoo
661 743 742 807 01100
757 763 832 806 cum
847 740 999 826 pervenit
1012 741 1047 804 in
1060 761 1131 814 res,

211 855 348 930 transit,
358 863 396 919 ut
409 856 444 918 in
459 858 571 944 primis
586 865 731 921 vestem:
743 855 804 922 sed
818 855 874 920 ubi
889 875 1011 940 aspera
1025 875 1108 920 saxa

212 969 318 1033 autin
332 972 502 1036 materiam
517 972 597 1058 ligni
611 971 782 1058 pervenit,
792 972 838 1036 ibi
852 971 916 1034 1011

212 1082 392 1160 scinditur,
404 1094 443 1149 ut
455 1083 580 1150 nullum
595 1087 804 1152 simulacrum
818 1083 963 1150 reddere
977 1085 1099 1170 possit.

143 1215 191 1262 150
213 1207 247 1261 01
262 1220 336 1264 cum
351 1199 529 1288 splendida
544 1223 629 1287 quae
646 1209 803 1266 constant
817 1207 963 1288 opposta
976 1197 1112 1263 fuerunt

214 1312 402 1400 densaque,
413 1323 452 1379 ut
464 1315 499 1379 in
514 1317 627 1403 primis
643 1317 815 1404 speculum
830 1324 899 1391 est,
910 1313 956 1378 nil
970 1311 1092 1378 accidit
1105 1312 1241 1377 horum:

214 1449 290 1491 nam
303 1450 413 1513 neque
423 1478 431 1504 ,
441 1431 490 1494 uti
505 1441 649 1507 vestem,
660 1431 749 1516 potis
765 1438 817 1494 est
831 1430 992 1505 transire,
1003 1450 1112 1513 neque
1128 1437 1238 1492 autem

215 1541 338 1620 scindi3
351 1564 449 1629 quam
464 1545 609 1609 meminit
623 1545 716 1610 levor
731 1555 903 1631 praestare
918 1545 1073 1608 salutem.

217 1677 284 1742 qua
297 1667 438 1744 propter
451 1658 489 1723 fit
502 1669 541 1724 ut
555 1659 633 1723 hinc
646 1661 744 1724 nobis
760 1661 936 1724 simulacra
950 1656 1154 1722 redundent.

146 1788 193 1834 155
217 1779 251 1836 01
266 1772 415 1858 quamvis
430 1774 559 1849 subito,
572 1776 691 1860 quovis
706 1776 741 1839 in
755 1785 906 1860 ternpore
916 1821 924 1850 ‚
935 1793 1102 1858 quamque

216 1907 287 1951 rem
302 1897 420 1950 contra
434 1890 606 1974 speculum
621 1911 743 1978 ponas,
755 1898 897 1977 apparet
909 1889 1034 1974 imag03

217 2011 380 2089 perpetuo
395 2003 498 2068 110010
514 2015 552 2070 01
565 2026 687 2070 noscas
702 2027 721 2070 e
736 2025 879 2092 corpore
895 2025 1021 2068 summo

218 2124 370 2181 texturas
385 2140 494 2183 rerum
510 2121 618 2184 tenuis
633 2122 809 2204 tenuisque
823 2118 963 2206 figuras.

219 2253 299 2319 ergo
314 2234 418 2299 multa
432 2235 525 2300 brevi
541 2235 651 2321 spatio
667 2235 842 2301 simulacra
855 2243 1039 2321 genantur,

34 2391 37 2398 -
149 2363 196 2409 100
218 2354 256 2411 01
269 2348 387 2412 merito
403 2349 490 2413 celer
504 2350 556 2413 his
570 2351 671 2415 rebus
688 2349 819 2415 dicatur
835 2349 944 2436 origo.

221 2469 255 2524 et
270 2463 364 2546 quasi
378 2464 482 2528 multa
494 2466 589 2529 brevi
604 2467 714 2550 spatio
731 2465 935 2530 summittere
950 2463 1052 2528 debet

221 2576 343 2640 lumina
357 2578 423 2654 sol,
434 2587 473 2642 ut
487 2588 650 2666 perpetuo
665 2580 732 2643 sint
746 2579 857 2643 omnia
870 2579 984 2665 plena,

221 2692 270 2755 sic
284 2692 326 2757 ab
340 2693 442 2756 rebus
456 2693 534 2758 item
548 2693 644 2758 simili
657 2695 788 2759 ratione
801 2703 974 2759 necessest

221 2807 380 2894 temporis
395 2807 428 2870 in
443 2816 569 2894 puncto
584 2829 693 2874 rerum
709 2809 885 2874 simulacra
897 2807 1049 2874 ferantur

153 2939 200 2985 105
220 2921 325 2986 multa
338 2922 447 2987 modis
462 2925 571 2989 multis
586 2926 620 2989 in
635 2935 774 2990 cunctas
789 2923 937 3012 undique
952 2924 1071 3011 partis;

224 3037 496 3124 quandoquidem
511 3041 681 3128 speculum
698 3063 765 3124 quo
781 3062 922 3126 cumque
938 3038 1143 3112 obvertimus
1159 3035 1244 3110 oris,

223 3175 277 3216 res
292 3155 354 3217 sibi
369 3153 577 3238 respondent
592 3156 686 3220 simili
701 3155 808 3218 forma
822 3165 923 3238 atque
938 3153 1065 3218 colore.

267 3268 464 3352 [Praeterea
477 3268 579 3333 modo
596 3291 670 3333 cum
684 3268 784 3332 fuerit
797 3267 1015 3353 liquidissima
1029 3267 1112 3331 caeli

224 3389 422 3468 tempestas,
434 3403 594 3468 perquam
609 3382 720 3446 subito
735 3380 773 3445 fit
786 3379 923 3444 turbida
936 3378 1053 3455 foede,

154 3513 200 3561 170
222 3495 370 3581 undique
385 3495 433 3560 uti
447 3497 603 3559 tenebras
619 3497 724 3560 omnis
738 3494 933 3560 Acherunta
946 3496 1050 3559 rearis

224 3611 360 3697 liquisse
376 3619 409 3675 et
423 3631 559 3697 magnas
574 3610 656 3674 caeli
673 3610 859 3697 complesse
874 3632 1050 3675 cavernas.

226 3725 433 3811 usqueadeo
450 3733 559 3790 taetra
574 3726 758 3790 nimborum
773 3735 872 3790 nocte
888 3733 1005 3790 coorta
1029 3811 1032 3816 1

225 3840 410 3928 inpendent
423 3850 517 3906 01100
530 3840 715 3906 formidinis
731 3861 791 3904 010
805 3862 966 3928 superne3

228 3977 369 4042 quorum
386 3957 545 4043 quantula
559 3978 638 4044 pars
653 3957 698 4020 sit
710 3958 820 4042 imago
836 3955 947 4021 dicere
962 3961 1093 4020 nemost
1185 3947 1190 3956 ’

230 4148 431 4157 ---———-

234 4247 450 4343 15000110011111
470 4277 518 4324 152
538 4277 652 4341 possunt
670 4271 679 4337 ll
704 4277 749 4323 159
768 4277 906 4340 geruntur.
