3034 5198
688 487 703 558 1
1205 491 1250 558 46

134 664 225 728 ratic
249 661 398 729 absurde
417 663 553 728 inverso
575 669 627 749 est
647 661 714 726 hoc
733 661 860 736 modo,
884 660 923 724 In
944 661 1045 728 rebus
1067 669 1252 730 extremum

136 761 301 848 quodque
317 761 474 846 quoniam
489 760 525 824 id
540 769 592 826 est
608 760 702 846 quod
717 759 834 826 oculos
849 758 981 845 effirgit,
995 759 1073 826 ideo
1088 761 1125 826 id
1141 771 1252 830 extre·

135 881 228 926 mum
241 859 410 924 minimum
426 867 478 924 est
493 866 528 937 et
541 860 613 924 eine
628 860 802 946 partibus.
818 879 899 946 ergo
912 859 948 922 in
962 861 1106 945 quoniam
1117 869 1252 928 senten·
1303 883 1308 894 ·

136 959 187 1022 tia
200 958 351 1024 laborat.
364 965 541 1043 praeterea
554 959 638 1022 illiru
651 979 694 1022 ne
708 958 742 1022 in
755 956 822 1022 hac
832 961 993 1042 perver’sa
1005 957 1140 1041 quidem
1151 982 1252 1048 argu-

137 1057 344 1122 mentatione
364 1056 475 1121 locum
492 1055 618 1130 habet,
640 1055 703 1122 sed
723 1055 827 1122 debet
849 1075 923 1120 esse
942 1056 1022 1120 illud
1042 1057 1095 1140 (et
1114 1060 1253 1145 scripsit

138 1155 217 1218 illud
229 1153 469 1229 Eiohstadius,
488 1153 671 1220 Lambinus
687 1154 847 1241 uliquod):
868 1173 946 1217 nam
960 1156 1096 1241 emporia
1108 1157 1191 1222 illiue
1205 1159 1253 1222 ita

138 1252 373 1337 accipiendum
388 1274 462 1318 esse
477 1260 516 1318 ut
531 1254 576 1317 sit
590 1255 654 1318 eius
667 1265 816 1332 naturae,
831 1260 1054 1320 commentum
1070 1262 1124 1318 est
1133 1247 1252 1320 Forbi·

138 1371 221 1438 gero
242 1351 316 1416 solo
329 1350 498 1438 dignum.
517 1349 599 1416 mihi
617 1350 700 1415 nihil
720 1350 851 1416 facilius
871 1350 1008 1416 videtur
1024 1373 1124 1436 qnam
1138 1375 1253 1419 veram

139 1449 340 1514 sententiam
358 1450 430 1513 sine
445 1450 641 1536 ambagibus
657 1449 813 1526 efficere,
832 1449 900 1514 hoc
914 1448 1038 1514 modo.
1062 1452 1140 1515 Tam
1153 1476 1254 1539 porro

141 1567 329 1622 ournrnn
354 1559 396 1612 ert
415 1559 582 1612 eudemum
601 1550 740 1636 quodque
760 1571 904 1613 cacumen
927 1548 1070 1634 Corporis
1091 1571 1254 1627 remus,

140 1645 225 1732 quod
238 1649 331 1710 nostri
345 1669 469 1711 cernere
481 1635 584 1712 emma
598 1647 669 1712 Iam
681 1645 854 1734 requerere?
875 1644 1107 1733 Quapropter,
1126 1647 1253 1734 inquit,

139 1743 175 1806 in
195 1743 264 1808 nlla
283 1765 321 1810 re
342 1765 507 1830 corporea
527 1751 678 1811 extreme
698 1765 852 1830 quaeque
866 1765 947 1829 pars
963 1753 1015 1810 est
1031 1766 1131 1830 quam
1146 1747 1253 1812 oculis

140 1843 335 1929 conspicere
354 1863 424 1906 non
443 1843 646 1927 possumus?
666 1844 702 1908 id
713 1846 747 1906 ιιι·
761 1845 874 1906 miram
886 1844 951 1906 ιὶιιε
959 1843 1102 1928 partibas
1116 1855 1197 1910 catat
1210 1846 1255 1912 Ee

137 1940 265 2004 minima
279 1952 393 2004 corum
404 1951 533 2006 natura.
550 1949 698 2006 ceterum
712 1943 860 2026 quianam
872 1941 998 2005 multos
1012 1941 1139 2008 dixisse
1154 1963 1253 2008 cons·

140 2043 210 2112 tat,
224 2035 406 2111 Naevium,
421 2039 598 2113 Plautum,
614 2037 775 2112 Ennium,
789 2039 928 2103 Acc'ium
940 2039 976 2102 in
990 2038 1254 2107 Phoenissamm

140 2134 301 2209 exordio,
316 2134 518 2222 Vergilium.

224 2232 296 2296 606.
311 2254 504 2296 urrunnu
524 2252 728 2297 corroure
744 2254 915 2295 rxruur.
929 2231 1162 2316 Antiquissimi
1178 2257 1254 2303 cor·

138 2337 294 2392 rectores
307 2351 508 2393 rxruerr.

224 2424 294 2490 608.
316 2425 513 2490 Heraean
541 2449 647 2490 uuna
676 2448 836 2506 ouanrr
861 2449 963 2490 uuna
986 2449 1163 2494 unrrour
1186 2455 1254 2496 nn·
1341 2442 1343 2449 '

139 2545 284 2590 vrum.
307 2521 489 2590 Correetor
512 2523 670 2611 quadrati
692 2537 726 2590 ιιι
746 2535 917 2612 nequeant.
939 2525 1057 2616 melius
1078 2527 1154 2594 Itnli
1173 2533 1255 2597 unde

139 2632 252 2710 queunt
268 2645 419 2688 runnu.

223 2721 293 2785 611.
308 2719 400 2786 Nor
414 2743 464 2786 rx
478 2743 680 2786 muoauu.
697 2719 833 2807 Optime
847 2721 1012 2786 Marullus
1026 2746 1256 2792 uteorum:

224 2819 293 2884 613.
308 2841 439 2896 uncus
455 2840 632 2882 usurum
648 2841 744 2884 rau.
761 2817 942 2886 Corrector
957 2820 1094 2908 oblongi
1109 2845 1197 2888 ιιιι.

224 2917 295 2981 619.
310 2939 413 2994 ouon
429 2939 566 2980 rsorr.
582 2917 639 2981 Sic
654 2917 842 3002 quadratus
858 2923 892 2980 et
906 2917 1071 2996 schedae,
1086 2921 1255 3008 oblongus

141 3017 230 3080 erm:
241 3015 343 3080 huius
358 3021 533 3078 corrector
548 3025 638 3078 esset.
655 3035 750 3090 oum
766 3015 894 3098 primus
905 3014 1086 3092 Marullus,
1101 3019 1173 3082 escit
1185 3021 1253 3103 pri-

140 3136 214 3179 mus
228 3114 388 3200 probavit
401 3111 593 3178 Lambinus.

224 3211 294 3278 625.
315 3211 385 3277 626.
406 3231 566 3276 rxruur
587 3209 645 3274 Er
666 3231 818 3274 ιιιιιιιιι
841 3231 1055 3276 corsrnrr
1077 3233 1253 3278 urruns.

141 3309 305 3378 MaruUus
321 3329 549 3375 cousrrrr.

224 3407 295 3476 628.
317 3429 352 3474 sr
370 3428 564 3472 ιιιιιιιιιι.
580 3404 650 3470 631.
667 3427 771 3482 uuna
786 3427 948 3471 nunus.
963 3405 1055 3471 Vere
1069 3407 1253 3476 Lambinus

141 3531 182 3573 ιιι
196 3509 645 3592 micimacetquueuunrrs
662 3505 1007 3590 campumbonum.
1028 3507 1064 3570 in
1078 3507 1186 3582 11‚489
1201 3512 1254 3576 Nc

142 3608 293 3693 quaedum
314 3605 447 3690 (canina
467 3602 680 3689 dicit)·ccpus
698 3605 817 3667 tumaci
835 3601 1023 3669 maximitate
1041 3605 1137 3686 Eue,
1158 3631 1253 3694 supro

142 3706 224 3792 qaod
240 3707 305 3768 iam
325 3704 416 3768 dcem
435 3725 496 3766 con
503 3725 594 3787 porse
601 3702 733 3788 probari
743 3751 750 3764 .
772 3701 902 3766 scilicet
915 3700 970 3766 his
984 3703 1066 3789 ipsis
1082 3705 1254 3782 semibus,

143 3821 252 3888 neque
267 3801 364 3866 alibi.
512 3871 528 3892 ,
1140 3853 1159 3882 0

224 3899 295 3964 634.
312 3920 388 3963 run
407 3919 509 3975 oure
531 3919 601 3962 ars
622 3918 813 3974 cursous
835 3919 1073 3962 urrunnun.
1088 3899 1255 3968 Marullus

142 3995 329 4082 prudenter
348 3995 485 4081 scripsit
500 4017 561 4081 per
581 4014 706 4072 oran,
727 4001 766 4058 ut
785 4001 838 4058 est
857 3994 892 4058 in
912 3994 1039 4070 naar.
1060 3995 1180 4064 falsum
1200 4008 1256 4066 est

145 4094 238 4180 quod
252 4093 404 4159 iecerunt
416 4093 511 4169 Itali,
526 4116 588 4178 per
601 4115 676 4179 quoe
684 4139 693 4172 ‚
710 4091 863 4176 quamvis
878 4112 898 4155 a
913 4091 1126 4160 Wakefieldo
1142 4118 1251 4184 appo·

143 4191 243 4257 situm
258 4194 415 4279 parasitis
428 4192 603 4278 placuerit.

225 4291 295 4356 639.
323 4291 484 4356 Cuneus
514 4309 735 4356 osscurnu
762 4311 967 4354 urrunnu.
989 4291 1092 4376 Apud
1113 4291 1252 4357 Festum

140 4411 173 4474 p.
182 4389 283 4466 261,9
299 4413 346 4456 os
362 4391 539 4468 obscuram,
556 4397 591 4454 et
606 4395 781 4454 corrector
796 4388 934 4476 oblongi
948 4390 984 4456 ob
994 4413 1152 4454 asuerum.
1173 4387 1276 4481 hinc·

140 4485 305 4553 Horatius
320 4488 417 4554 duxit
430 4486 532 4563 illud,
550 4487 659 4552 Clamas
673 4487 710 4550 ob
723 4487 758 4550 id
761 4486 901 4574 facttum.
