2970 5268
38 30 51 297 1

28 468 37 621 4
494 447 682 515 -v

25 700 29 719 Ι
80 625 119 687 nil
133 634 261 688 tamen
284 631 338 689 est
352 623 439 710 signi
452 624 572 687 mixtas
587 623 738 707 potuisse
754 627 859 689 creari

23 750 29 763 '
77 741 156 802 inter
171 761 217 802 se
236 738 398 827 pecudes
413 746 655 822 compactaque
669 739 816 802 membra
830 741 1047 818 animantum,

74 861 276 940 propterea
292 855 371 939 quia
385 837 471 938 quae
485 851 530 916 de
544 852 642 916 terris
656 873 746 916 nunc
762 875 897 940 quoque
912 856 1086 923 abundant

74 967 277 1032 herbarum
291 987 417 1054 genera
431 988 469 1032 ac
483 967 597 1052 fruges
612 968 818 1054 arbustaque
833 969 920 1034 laeta

71 1105 136 1147 uon
153 1092 292 1148 tamen
305 1083 394 1148 inter
408 1103 444 1144 se
459 1092 603 1167 possunt
618 1081 792 1167 complexa
807 1086 928 1160 creari,

71 1198 129 1261 sed
144 1199 209 1264 vis
231 1217 393 1283 quaeque
409 1217 470 1260 suo
485 1197 550 1260 ritu
565 1196 736 1282 procedit,
748 1204 783 1262 et
797 1219 911 1262 omnes

70 1312 228 1377 loedere
246 1320 391 1376 naturae
405 1319 498 1375 certo
514 1309 704 1376 discrimina
719 1320 869 1377 servant.

35 1445 52 1486 a
109 1429 163 1490 At
180 1449 305 1513 genus
319 1425 499 1490 humanum
512 1427 616 1490 multo
632 1426 695 1491 fuit
709 1427 791 1500 illud
804 1429 839 1492 in
854 1429 943 1492 ervis

73 1541 205 1606 durius
218 1592 229 1618 ‚
241 1550 282 1606 ut
297 1540 409 1604 decuit
416 1589 425 1620 ,
437 1541 535 1604 tellus
552 1541 644 1625 quod
658 1541 743 1606 dura
757 1552 919 1619 creasset,

73 1669 104 1720 et
118 1656 325 1722 maioribus
340 1663 374 1719 et
388 1653 503 1720 solidis
517 1655 621 1740 magis
636 1656 768 1721 ossibus
781 1659 871 1721 intus

71 1769 290 1844 fundatum,
301 1769 419 1834 validis
435 1777 547 1855 aptum
563 1771 769 1857 perviscera
782 1772 908 1848 nervis,

72 1907 139 1950 nec
156 1887 271 1951 facile
287 1907 329 1949 cx
344 1891 439 1949 aestu
454 1905 519 1947 nec
532 1884 657 1970 frigore
674 1884 766 1971 quod
781 1895 971 1971 caperetur,

25 2013 55 2054 ²2³·
73 2023 142 2066 uec
158 2001 326 2067 novitate
340 1999 405 2064 cibi
418 2019 480 2062 nec
495 1999 561 2064 labi
576 2001 727 2085 corporis
742 2001 823 2065 ulla.

76 2118 266 2202 multaque
281 2135 342 2201 per
358 2113 484 2178 caelum
500 2114 580 2178 eolis
598 2114 769 2180 volventia
782 2115 888 2179 lustra

77 2233 274 2318 volgivago
288 2231 392 2294 vitam
406 2230 598 2293 tractabant
611 2250 704 2293 more
718 2229 877 2294 ferarum.

80 2367 147 2410 uec
166 2345 335 2412 robustus
350 2351 422 2408 erat
437 2344 529 2408 curvi
544 2343 738 2408 moderator
753 2345 854 2408 aratri

83 2463 289 2547 quisquam,
299 2479 362 2522 nec
377 2459 485 2522 scibat
497 2457 745 2523 ferromolirier
760 2480 842 2524 arva

31 2589 62 2633 aaa
82 2597 149 2640 nec
166 2595 261 2640 nova
276 2572 436 2664 defodere
450 2574 484 2636 in
499 2581 622 2638 terram
637 2575 782 2660 virgulta
796 2595 907 2662 neque
922 2577 997 2643 altis

88 2688 277 2756 arboribus
290 2697 425 2754 veteres
441 2687 596 2753 decidere
610 2687 741 2754 falcibu’
756 2711 882 2756 ramos.

86 2803 190 2891 quod
205 2803 372 2888 soletque
386 2803 508 2868 imbres
523 2801 705 2880 dederant,
718 2804 811 2890 quod
825 2813 916 2870 terra
931 2819 1061 2874 crearat
1134 2799 1140 2814 ⁸

89 2927 220 3006 sponte
235 2939 312 2993 sua,
324 2917 404 2982 satis
419 2917 455 2982 id
469 2918 625 3005 placabat
638 2919 785 3003 pectora'
793 2917 933 2983 donum.

90 3031 303 3120 glandiferas
316 3034 404 3097 iuter
420 3033 582 3097 curabant
597 3051 742 3118 corpora
756 3051 900 3115 quercus

36 3162 69 3208 aaa
88 3151 293 3236 plerumque
304 3171 311 3210 ε
323 3155 358 3212 et
372 3169 458 3234 quae
473 3167 562 3210 nuuc
577 3145 718 3208 hiberno
734 3153 886 3228 tempore
901 3146 1009 3210 cernis

91 3265 210 3330 arbita
223 3264 365 3347 puniceo
380 3263 450 3327 fieri
465 3266 595 3326 matura
610 3260 738 3333 colore,
911 3247 913 3254 X

91 3378 240 3466 plurima
253 3383 322 3442 tum
336 3377 436 3442 tellus
453 3378 549 3442 etiam
563 3376 691 3440 maiora
705 3375 850 3440 ferebat.

91 3492 268 3576 multaque
282 3501 458 3579 practerea
470 3494 603 3564 novitas
618 3500 688 3556 tum
703 3489 823 3556 florida
836 3489 952 3556 mundi

92 3607 224 3695 pabula
237 3605 322 3671 dura
335 3606 428 3684 tulit,
439 3608 566 3672 miseris
581 3608 776 3671 mortalibus
792 3605 914 3694 ampla.

36 3735 73 3783 au
94 3732 134 3787 at
150 3719 270 3786 sedare
284 3721 369 3786 sitim
384 3722 474 3787 fluvii
487 3721 668 3804 fontesque
681 3723 864 3796 vocabant,

96 3845 140 3900 ut
154 3857 242 3900 nunc
255 3836 424 3902 montibus
440 3858 457 3901 e
472 3835 600 3921 magnis
615 3833 778 3900 decursus
796 3837 896 3922 aquai

100 3951 265 4037 clar-igitat
279 3951 345 4016 late
359 3951 506 4018 sitientia
518 3949 630 4014 saecla
643 3949 804 4014 ferarum.

103 4065 247 4153 denique
261 4075 344 4132 nota
358 4068 435 4154 vagi
448 4065 616 4132 silvestria
629 4063 754 4150 templa
768 4064 929 4128 tenebant

105 4353 153 4398 aaa
171 4347 226 4402 Set
243 4349 265 4400 si
292 4347 303 4418 11
331 4355 380 4400 aaa
400 4347 435 4401 itt
464 4351 473 4418 ιι
500 4355 548 4401 aaa
568 4349 650 4401 arari.
670 4347 680 4417 u
699 4352 749 4398 aaa
767 4344 902 4400 mellaria·
921 4349 931 4416 ιι
949 4355 998 4400 aas
1019 4349 1133 4417 virgeio
1152 4347 1162 4414 Η
1180 4351 1228 4400 aar
1268 4342 1273 4348 '

108 4441 237 4486 crearent.
256 4433 266 4501 ll
285 4437 333 4484 tlt
353 4431 409 4496 dira
428 4433 438 4500 il
458 4439 506 4484 947
526 4431 715 4484 Clericiutiatc
732 4432 742 4498 ll
761 4435 811 4484 948
830 4434 904 4502 vagis
