2946 5188
613 457 629 524 1

52 643 83 695 et
96 631 246 716 graviter
260 629 369 716 magni
383 649 503 715 magno
519 628 670 694 cecidere
683 631 729 695 ibi
743 653 837 707 casm

51 747 187 831 primum
203 744 302 831 quod
315 752 427 809 motus
442 751 598 829 exempto
612 745 714 808 rebus
728 746 818 810 inani

53 860 276 936 constituunt,
288 867 322 924 et
337 879 392 923 res
406 857 515 922 mollis
528 879 691 943 rarasque
706 861 914 946 relinquent,

53 981 139 1048 asra,
151 975 263 1038 solem
272 1024 280 1050 ‚
290 974 417 1060 ignem,
429 980 536 1038 terras
546 1022 553 1050 ‚
565 974 733 1050 animalia,
744 973 872 1062 fruges,

23 1103 34 1148 5
53 1108 108 1150 nec
121 1096 235 1152 tamen
252 1086 440 1152 admiscent
452 1088 486 1151 in
502 1109 616 1152 eorum
631 1109 755 1174 corpus
768 1089 882 1167 inane;

55 1199 168 1265 deinde
184 1201 283 1288 quod
297 1201 431 1266 omnino
445 1200 544 1265 finem
558 1224 626 1267 non
641 1223 717 1267 esse
732 1203 886 1269 secandis

57 1316 251 1401 corporibus
266 1315 409 1392 faciunt,
420 1337 530 1402 neque
545 1337 684 1403 pausam
699 1325 788 1382 stare
802 1317 944 1404 fragori,

56 1450 111 1492 nec
125 1405 285 1515 prorsum
299 1430 333 1494 in
348 1431 449 1495 rebus
463 1431 630 1496 minimum
645 1432 829 1496 consistere
845 1435 1036 1519 quicquam3

57 1565 122 1606 cum
136 1542 312 1610 videamus
326 1543 362 1609 id
377 1552 558 1610 extremum
574 1545 734 1631 cuiusque
750 1567 907 1611 cacumen

23 1672 41 1716 n
60 1677 125 1721 csse
140 1657 235 1743 quod
249 1657 430 1725 adsensus
444 1667 580 1725 nostros
594 1659 759 1724 minimum
775 1682 849 1726 esse
864 1661 1012 1739 videtur,

61 1772 202 1837 conicere
216 1783 257 1838 ut
272 1773 384 1858 possis
399 1794 443 1837 ex
456 1773 539 1850 hoc,
551 1785 637 1859 quac
652 1795 788 1840 cernere
802 1797 870 1840 non
887 1779 961 1864 quis

63 1894 233 1950 extremum
249 1886 345 1973 quod
359 1885 501 1962 habent,
512 1888 678 1952 minimum
693 1890 878 1956 consistere
892 1913 1060 1979 prorsum.

63 1998 120 2062 hnc
134 2001 268 2066 accedit
281 2001 366 2077 utei,
378 2004 534 2087 quoniam
548 2002 731 2088 primordia
745 2025 855 2068 rerum
946 2021 948 2026 ·
1048 2029 1052 2039 ·

66 2114 162 2178 mollia
176 2116 404 2192 constituunt,
416 2137 502 2201 quae
516 2138 579 2181 nos
593 2117 708 2182 nativa
721 2115 872 2183 videmus

23 2239 49 2284 55
66 2248 129 2292 esse
143 2239 176 2294 et
188 2230 324 2294 mortali
339 2251 413 2295 cum
429 2251 588 2316 corpore,
599 2229 750 2295 funditus
765 2253 872 2317 nsque

69 2338 175 2407 debeat
189 2343 233 2408 ad
248 2343 352 2408 nilum
366 2344 431 2408 iam
444 2363 555 2408 rerum
571 2365 698 2408 summa
711 2347 834 2408 reverti

69 2452 104 2518 de
116 2457 245 2544 niloque
262 2467 380 2522 renata
394 2458 565 2544 vigescere
581 2459 678 2546 copia
691 2479 817 2536 rerum3

71 2590 194 2652 quorum
208 2581 390 2658 utrumque
405 2571 486 2658 qnid
500 2593 520 2636 a
534 2595 616 2638 vero
631 2573 695 2637 iarn
710 2572 813 2638 distet
826 2575 982 2642 habebis.

73 2681 176 2750 deinde
188 2686 322 2752 inimica
335 2685 444 2751 modis
458 2687 568 2752 multis
583 2697 661 2752 sunt
675 2695 777 2773 atque
793 2711 922 2754 veneno

24 2805 57 2854 :eo
73 2797 133 2882 ipsa
145 2801 203 2865 sibi
215 2802 307 2866 inter
322 2821 376 2878 se;
389 2822 491 2888 quare
506 2809 564 2866 aut
579 2821 760 2888 congressa
774 2793 944 2888 peribunt,

74 2921 120 2974 aut
131 2913 173 2978 ita
187 2914 362 3002 diffugient
374 2922 413 2979 ut
426 2923 626 3004 tempestate
641 2923 761 2981 coacte

74 3021 189 3093 fulmina
203 3029 366 3116 diffugere
381 3039 482 3114 atque
496 3030 611 3092 imbris
625 3039 813 3114 ventosque
828 3028 995 3094 videmus.

108 3125 249 3230 Denique
266 3151 427 3230 quattuor
442 3163 484 3206 ex
496 3143 598 3207 rebus
613 3143 642 3207 si
656 3149 778 3206 cuncta
793 3151 948 3207 creantur

77 3262 159 3338 etque
171 3257 204 3322 in
218 3281 278 3324 eas
293 3279 425 3323 rursum
439 3277 494 3321 res
510 3257 619 3320 omnia
634 3255 879 3334 dissoluuntur,

30 3371 60 3418 ze
77 3368 121 3448 qui
133 3375 229 3460 magis
244 3373 301 3438 illa
315 3378 442 3457 queunt
455 3391 565 3436 rerum
580 3369 761 3456 primordia
775 3370 840 3462 dici
918 3367 921 3376 ’

79 3499 158 3561 quam
171 3497 290 3553 contra
304 3509 359 3552 res
370 3487 504 3551 illorum
518 3494 679 3571 retroque
693 3485 827 3572 putari?

79 3591 193 3666 aiternis
207 3605 391 3690 gignuntur
407 3603 492 3666 enim
506 3609 702 3684 mutantque
717 3599 861 3664 colorem

80 3715 106 3768 et
117 3717 212 3801 totam
222 3717 311 3780 inter
325 3737 362 3780 se
377 3725 528 3780 naturam
543 3723 694 3799 tempore
708 3714 751 3777 ab
767 3715 868 3777 omni.

33 3824 64 3868 ³10
81 3821 172 3888 sinite
185 3827 272 3893 forte
286 3837 386 3916 putas
400 3831 486 3916 ignis
500 3835 676 3912 terraeque
692 3828 782 3892 coire

81 3953 182 4022 corpus
197 3953 230 4008 et
244 3944 352 4007 aerias
367 3965 464 4008 auras
479 3963 655 4026 roremque
670 3941 825 4026 liquoris.

84 4131 260 4154 “““““----

84 4245 119 4296 tt]
136 4265 221 4308 causa.
244 4255 255 4324 {t
278 4261 328 4307 744
345 4253 442 4324 frugis.
467 4255 477 4324 {i
502 4261 550 4307 747
570 4253 667 4307 facient
690 4253 700 4320 lt
724 4253 847 4322 748qui.
867 4255 945 4322 11752
965 4271 1087 4323 prorsum
1110 4261 1186 4316 mnte-

83 4340 136 4380 Wm·
161 4333 171 4401 ii
196 4343 244 4390 753
263 4336 359 4391 accidit
376 4338 437 4390 item
461 4336 472 4405 li
495 4343 543 4390 755
562 4339 650 4407 utqui.
674 4336 685 4404 ΙΙ
710 4341 760 4388 758
778 4335 871 4389 habes.
896 4337 907 4404 ΙΙ
930 4341 979 4390 759
999 4351 1079 4391 verro.
1103 4337 1113 4402 ΙΙ
1137 4339 1186 4386 767

86 4407 176 4470 Aternia
192 4421 202 4486 ιι
220 4427 377 4474 aes=7ea
