2970 5268
609 455 673 524 1111
1139 455 1205 524 125

13 689 14 704 ,
76 632 128 694 fiet
141 631 208 706 ita,
219 637 298 695 ante
313 629 429 694 oculus
444 629 543 694 fuerit
558 628 614 714 qui
630 625 750 694 dexter
761 677 769 706 ‚
780 639 819 696 ut
830 631 919 695 idem

28 763 58 807 re
75 767 158 808 nunc
173 745 220 810 sit
234 745 368 817 laevus,
379 752 415 808 et
429 764 447 807 e
461 744 557 809 laevo
573 743 618 808 sit
631 751 746 808 mutua
760 741 894 811 dexter.

76 860 109 923 lit
122 879 263 945 qnoque
278 857 321 922 de
337 858 474 944 speculo
489 859 523 922 in
537 857 708 943 speculum
722 867 762 922 ut
775 858 929 925 tradatur
942 860 1069 947 imago,

78 975 224 1059 quinque
239 973 339 1037 etiam
354 980 412 1037 aut
425 993 487 1036 sex
501 981 540 1037 ut
552 971 624 1036 fieri
639 971 968 1038 simulacra-sudrim.

76 1111 147 1152 nam
162 1107 254 1172 quae
269 1106 411 1171 cumque
426 1097 519 1151 retro
534 1093 630 1173 parte
644 1086 802 1151 interiore
817 1086 982 1160 latebunt,

76 1200 149 1266 inde
164 1211 296 1276 tamen,
308 1200 457 1286 quamvis
472 1207 561 1266 torte
576 1200 776 1286 penitusque
790 1209 935 1276 remota.

41 1334 60 1376 u·
78 1317 187 1380 omnia
201 1335 263 1401 per
277 1315 383 1380 flexos
398 1312 509 1379 aditus
525 1313 646 1379 educta
659 1314 773 1379 licebit

76 1431 226 1516 pluribus
240 1429 324 1494 haec
340 1429 484 1514 speculis
498 1428 675 1494 videantur
689 1431 723 1494 in
737 1428 877 1495 aedibus
893 1451 982 1495 esse.

77 1566 183 1631 nsque
197 1543 286 1608 adeo
303 1543 439 1629 speculo
454 1543 488 1606 in
503 1545 675 1630 speculum
690 1544 875 1610 translucet
888 1545 1015 1631 imago,

78 1671 199 1723 etcum
214 1659 310 1722 leeva
325 1657 406 1722 data
420 1665 489 1734 est,
499 1658 537 1722 fit
550 1679 664 1722 rusum
678 1666 717 1723 ut
731 1657 870 1722 dextera
883 1658 957 1734 flat,

10 1728 12 1860 i
76 1773 151 1837 inde
166 1781 262 1838 retro
277 1794 408 1838 rursum
423 1770 511 1837 redit
526 1779 559 1836 et
573 1773 780 1838 convertitur
795 1771 929 1836 eodem.

10 1881 11 1954 l
29 1901 58 1946 ne
76 1891 154 1974 quin
172 1889 273 1952 etiam
288 1907 374 1972 quae
389 1907 530 1972 cumque
545 1887 710 1952 latuscula
724 1895 803 1952 sunt
817 1888 1028 1972 speculorum

10 1979 11 2004 ¹
77 2001 348 2066 accensens
362 2001 489 2066 norma
503 1999 656 2088 petere
669 2003 792 2078 noste,

10 2101 11 2120 ¹
76 2115 220 2182 dextera
233 2137 274 2181 ea
287 2125 428 2204 propter
441 2117 541 2181 nobis
554 2116 730 2180 simulacra
742 2116 929 2192 remittunt,

76 2241 133 2296 sut
148 2231 229 2316 quia
244 2229 286 2294 de
301 2231 438 2318 speculo
453 2231 487 2295 in
501 2230 671 2316 speculum
685 2229 888 2295 transfertur
902 2231 1026 2317 imago,

78 2343 157 2408 inde
172 2344 218 2410 ad
231 2365 296 2408 nos
311 2345 393 2410 elisa
404 2344 457 2409 bis
473 2343 628 2418 advolat,
639 2350 697 2408 aut
711 2344 809 2408 etiem
825 2341 917 2429 quod

28 2477 58 2518 :ac
76 2461 200 2524 circum
216 2445 341 2546 agitur,
354 2481 429 2524 cum
443 2457 669 2544 venit,imago
684 2465 866 2544 propterea
879 2458 972 2545 quod

76 2574 166 2638 flexa
179 2574 285 2660 ligura
300 2573 402 2638 docet
415 2572 542 2661 speculi
556 2573 746 2638 convertier
761 2572 806 2638 ed
819 2595 897 2640 nos.

76 2687 255 2774 indugredi
269 2708 373 2774 porro
388 2689 513 2773 pariter
528 2687 702 2752 simulacra
715 2687 903 2776 pedemque

80 2824 208 2890 ponere
221 2803 395 2868 nobiscum
410 2801 529 2868 credas
543 2811 741 2888 gestumque
754 2803 874 2892 imitari

81 2926 261 3006 propterea
275 2918 369 3003 quia,
382 2914 424 2980 dc
439 2919 566 3004 speculi
581 2939 648 3002 qua
661 2924 757 3002 parte
770 2915 928 2988 recedas,

28 3045 60 3090 ut
80 3033 237 3096 continuo
252 3039 422 3116 nequeunt
434 3031 524 3096 illinc
539 3031 715 3094 simulacra
728 3029 866 3104 reverti;

82 3147 191 3210 omnia
206 3145 479 3232 quandoquidem
494 3145 584 3230 cogit
597 3151 717 3208 natrrra
730 3142 848 3206 referri

82 3282 119 3325 sc
133 3260 259 3324 resilire
273 3261 315 3324 ab
330 3261 431 3326 rebus
446 3257 490 3323 sd
505 3279 632 3344 aequos
646 3255 781 3321 reddita
793 3256 916 3322 flexus.

29 3387 65 3434 tn
123 3373 309 3461 Splendida
322 3396 425 3460 porro
440 3374 527 3440 oculi
541 3373 686 3460 fugitant
700 3372 874 3458 vitantque
889 3373 990 3436 tueri:

84 3491 133 3554 sol
148 3491 247 3554 etiam
263 3497 379 3554 caecat
389 3537 397 3564 ‚
409 3497 527 3555 contra
540 3489 569 3552 si
583 3487 723 3554 tendere
738 3507 875 3572 pergas,

84 3613 262 3690 propterea
277 3605 355 3689 quia
368 3603 420 3668 vis
434 3613 588 3689 magnast
600 3603 705 3690 ipsius
716 3651 724 3677 ‚
735 3608 769 3666 et
782 3601 849 3666 alte

84 3725 158 3782 aera
172 3741 235 3805 per
249 3739 369 3804 purum
383 3719 529 3804 graviter
543 3718 719 3784 simulacra
731 3715 885 3780 feruntur
946 3781 949 3790 ,

84 3845 115 3896 et
127 3832 251 3897 feriunt
266 3833 382 3897 oculos
392 3883 399 3908 ‚
409 3833 579 3898 turbantia
593 3831 853 3917 compositurus.
890 3881 892 3888 ,

84 3957 256 4032 praeterea
270 3946 431 4035 splendor
446 3947 504 4032 qui
519 3967 660 4031 cumque
675 3955 727 4009 est
741 3967 818 4009 acer
833 3943 945 4009 adurit

29 4073 65 4120 :se
85 4083 184 4148 saepe
200 4063 317 4127 oculos
330 4061 407 4127 ideo
423 4060 516 4146 quod
531 4061 657 4126 semina
671 4059 824 4148 possidet
837 4059 923 4144 ignis

140 4233 243 4240 ---.--

84 4349 130 4396 324
150 4343 212 4396 Fiet
229 4353 259 4397 ut
285 4345 296 4412 ΙΙ
323 4350 372 4396 327
397 4353 442 4396 out
459 4352 591 4398 ocimum.
621 4348 629 4410 *l
659 4341 831 4395 assistetis
860 4341 869 4412 Η
896 4345 945 4395 334
963 4343 1095 4396 convertit
1121 4343 1132 4408 ΙΙ
1160 4346 1207 4392 341

86 4424 182 4479 l'lexee
202 4427 281 4495 11304
301 4435 375 4480 tacer
392 4425 508 4478 srdurit.
