2990 5202
652 505 701 576 ιιι
1159 509 1229 578 235
1264 481 1267 490 “

122 704 198 747 ear
220 702 364 746 irruo.
398 679 595 761 Quadratus
616 702 685 746 non
707 680 812 747 habet
831 705 938 748 aare:
958 681 1123 748 Marullus
1145 684 1231 748 male

120 801 215 844 arun.
237 779 313 844 itali
333 780 528 856 Umbroque
544 801 649 857 Quis
665 789 700 845 et
714 781 819 845 eadem
832 803 930 845 auae.

201 877 272 942 393.
287 899 512 942 rrvrsurr.
529 876 704 964 Oblongus
717 880 859 952 reuisere,
870 902 892 941 a
906 899 1009 962 super
1024 879 1153 964 scripto
1163 902 1170 942 :
1181 903 1229 944 re-

118 976 217 1038 visam
230 974 435 1058 quadratus.

202 1072 449 1136 eteniam
471 1095 518 1138 ur
540 1093 647 1138 uuus
670 1093 852 1138 vrorrua
867 1121 873 1135 .
890 1071 1232 1152 Quadratusmaaeret

118 1171 277 1234 ortamine
295 1171 433 1236 videtum
463 1171 580 1236 videtur
602 1171 826 1256 interpretum
847 1171 968 1234 levitas
987 1173 1157 1256 patienter
1177 1181 1230 1238 to·

115 1268 219 1332 ierat:
232 1267 336 1334 debet
347 1289 422 1332 esre
436 1290 477 1331 vr
487 1289 665 1342 usurus,
682 1289 757 1332 cum
768 1275 932 1352 sequatur
947 1292 984 1333 ea
997 1268 1169 1355 quaejam
1182 1293 1230 1334 res
1310 1299 1313 1304 ¹

116 1367 331 1450 iudieatipsa.

201 1463 271 1528 397.
294 1463 616 1540 Exsrarmsous
643 1485 797 1528 rnoeuu
826 1483 953 1528 urnro
983 1485 1229 1529 occurerre

115 1585 295 1628 uorsrrs.
317 1560 523 1626 Nominativi
543 1561 733 1646 pendentes
754 1561 966 1627 Wakefieldo
987 1570 1024 1626 et
1044 1561 1229 1649 Forbigero

118 1661 277 1746 placent,
298 1659 428 1724 seilicet
441 1659 680 1745 grammaticae
696 1658 862 1743 imperitis
877 1707 883 1722 .
905 1659 1070 1725 Marullus
1084 1681 1166 1725 suae
1180 1659 1229 1725 fa-

117 1760 233 1823 bricae
253 1779 411 1834 versum,
434 1777 575 1842 eumque
595 1763 630 1822 et
643 1756 898 1821 immodulatum
914 1763 949 1822 et
963 1779 1064 1822 sensu
1080 1777 1229 1832 cassum,

117 1856 267 1922 infersit.
279 1855 475 1942 simpliciter
489 1855 703 1922 scribendum
719 1863 772 1919 est
788 1855 921 1920 naum
933 1878 1064 1933 usuur
1072 1859 1187 1943 procui
1194 1907 1201 1920 .

200 1956 272 2020 406.
295 1955 407 2034 Quos
429 1978 496 2020 aar
518 1976 597 2019 run
620 1977 769 2019 suras.
799 1952 1116 2034 Marullusidiuim‚
1136 1955 1229 2040 quod

117 2075 186 2118 non
202 2054 256 2118 est
269 2053 462 2119 Lucretiani
476 2075 558 2118 usus
574 2103 581 2116 .
603 2053 795 2138 Naugerius
810 2076 848 2116 rr
857 2075 915 2116 ar.
1249 2135 1256 2145 ¹

159 2151 162 2159 '
201 2151 273 2216 409.
295 2149 379 2215 Vix
400 2173 527 2214 erran
558 2171 704 2214 cursus
727 2171 990 2227 ourrosrrros
1012 2171 1137 2214 surra
1160 2173 1229 2214 vr·

119 2273 213 2314 narr
230 2297 237 2312 .
259 2248 382 2313 Festus
397 2247 552 2331 p.375‚27
583 2249 695 2312 Veneta
711 2250 783 2334 pila
805 2250 963 2327 duuamr,
979 2249 1081 2334 parad.
1098 2295 1106 2312 .
1122 2249 1231 2332 (ueluti

117 2371 214 2411 uana
226 2345 371 2430 Paulus)
394 2345 524 2410 labeant
536 2347 703 2435 praefluo.
729 2345 849 2413 Bruuius
863 2347 901 2409 li.
916 2368 939 2408 x
954 2393 962 2409 .
977 2395 984 2410 .
1000 2393 1007 2408 .
1023 2369 1129 2410 ererum
1142 2347 1230 2432 quia·

116 2457 221 2530 peritos
234 2467 323 2530 saepe
336 2445 449 2508 verua.

203 2543 273 2606 414.
285 2544 341 2606 Ar
356 2543 585 2606 corrueras
600 2563 723 2618 auus.
739 2541 922 2606 Verissime
933 2541 1117 2606 Lambinus
1133 2563 1230 2607 eou-

119 2663 273 2706 nrcrus
296 2663 416 2727 aquae.
445 2646 537 2704 reete
557 2638 755 2704 Frontinum
777 2647 951 2704 auctorem
971 2627 1086 2704 ferunt
1103 2639 1229 2715 lexioa,

120 2739 177 2823 qui
192 2738 279 2803 dixit
291 2739 325 2802 in
341 2738 427 2804 libro
442 2736 551 2822 primo
573 2736 617 2800 de
636 2737 877 2800 controversiis
893 2757 1051 2822 agrorum
1065 2737 1185 2822 p.23‚8
1204 2742 1233 2802 si

119 2837 258 2908 collectan
266 2837 413 2923 pluuialis
427 2859 526 2923 aquae
540 2847 744 2900 tramoersum
756 2859 863 2900 serane
868 2836 967 2924 finem
980 2838 1014 2899 ia
1025 2836 1230 2923 alteritusaa·

119 2929 192 2996 daun
205 2934 324 3024 influit.
340 2933 429 2998 adde
443 2935 519 2998 libri
532 2956 570 2997 ιιι
582 2955 717 2998 versum
730 2932 807 3007 198,
822 2933 880 2996 ubi
895 2941 948 2996 est
961 2933 1100 3017 lapidum
1114 2936 1229 2998 coniec-

119 3041 189 3106 aa,
216 3032 273 3114 qui
294 3030 398 3095 debet
419 3051 494 3094 esse
517 3031 688 3094 amurcae.
718 3029 756 3092 fit
778 3030 864 3092 enim
887 3032 1036 3094 corderam
1057 3033 1230 3107 cathmor,

119 3129 264 3205 hocchi,
279 3129 420 3207 animae,
435 3129 646 3191 elementorum
660 3127 732 3190 sive
748 3127 913 3204 materiae,
927 3126 995 3200 teli,
1011 3147 1086 3190 cum
1101 3147 1160 3190 eae
1176 3149 1231 3192 res

118 3227 155 3288 in
170 3225 282 3288 locum
297 3222 441 3308 aliquem
456 3224 667 3289 coniciuntur
682 3271 688 3286 .
710 3224 825 3308 itaque
843 3231 936 3287 recte
952 3221 1037 3288 dixit
1052 3223 1231 3290 Sallustius

122 3323 156 3386 in
172 3322 390 3388 historiarum
406 3323 492 3388 libro
512 3345 551 3387 ιιι
572 3324 661 3387 solita
676 3347 696 3386 a
709 3322 851 3409 supdiuis
872 3323 1007 3386 carrucio
1028 3333 1057 3386 et
1073 3324 1107 3386 ia
1127 3333 1231 3388 eastra

120 3423 271 3487 condetis
284 3423 421 3508 lapidum
432 3469 439 3486 .

204 3519 274 3584 417.
291 3541 409 3584 eueni
432 3541 564 3583 rurrr
586 3541 707 3583 surus
730 3539 903 3582 marus.
926 3517 1231 3603 lnquadratofac·

123 3622 192 3682 tum
207 3639 339 3682 surus
354 3625 582 3684 acorreetoro
597 3667 604 3681 .
627 3617 675 3682 sio
690 3617 766 3682 Itali
781 3623 816 3681 et
830 3617 1004 3702 impressi.

204 3716 534 3782 tranensium
557 3737 784 3780 nrsrrouer
807 3737 856 3779 rr
878 3735 1230 3780 oaruuuvrnraar

122 3835 297 3890 viores,
331 3815 528 3880 Corroau
560 3837 747 3880 urrunnu
781 3837 852 3878 sua
885 3833 1042 3876 rursus
1074 3833 1230 3876 ancira

124 3933 224 3976 aare
234 3937 274 3980 0.
290 3913 465 3998 Oblongus
480 3912 585 3977 habet
598 3925 632 3975 ut
644 3922 722 3977 ante
736 3911 877 3988 videare,
889 3907 1032 3994 quodiin
1047 3908 1164 3973 codiee
1180 3931 1231 3974 ar·

124 4008 271 4097 chetypo
287 4010 554 4097 superscriptum
573 4009 678 4074 fuisse
692 4017 801 4093 puto,
822 4015 861 4070 ut
882 4013 974 4071 certe
996 4006 1090 4091 prior
1111 4006 1232 4072 horum
1334 4007 1340 4019 “

124 4126 280 4174 versuum
293 4108 440 4195 intellegi
452 4117 588 4194 posset.
604 4108 670 4172 hoc
683 4119 716 4172 at
729 4107 774 4170 de
785 4105 920 4170 Marulli
935 4105 1128 4170 coniectura
1144 4107 1232 4190 (narn

124 4201 288 4272 Antonius
302 4209 401 4274 Marii
416 4215 451 4272 et
465 4209 592 4293 primae
609 4205 774 4271 editiones
787 4227 857 4268 non
870 4204 1016 4290 habent)
1031 4213 1233 4288 receperunt

126 4319 259 4380 omnes,
275 4313 389 4371 cetera
404 4307 505 4370 variis
520 4306 631 4370 modis
646 4311 856 4388 temptarunt
871 4303 955 4368 alius
971 4303 1037 4368 alio
1051 4303 1232 4367 infelicius.

128 4396 288 4469 Marullus
302 4407 376 4490 ipse
391 4406 509 4469 Nubila
524 4407 677 4490 despicere
691 4415 719 4466 et
733 4405 849 4466 eaelum
872 4403 883 4486 (
891 4401 957 4466 hoe
972 4401 1100 4466 scilicet
1110 4399 1234 4484 praebet

128 4500 297 4567 coniectus
313 4505 438 4588 aquae)
451 4551 458 4578 ‚
475 4515 506 4567 ut
519 4505 641 4568 videare
654 4503 756 4566 uidere
773 4501 909 4586 θοφονα
924 4501 1066 4566 mirando
1079 4498 1134 4562 aab
1147 4497 1235 4561 rema
