3034 5204
274 457 345 525 234
811 456 863 525 VI
952 553 958 570 Ι

274 637 306 694 ct
322 629 416 715 quasi
432 629 634 705 concrescit,
645 629 698 704 fit,
710 629 854 705 scilicet,
864 639 904 694 ut
918 627 1071 694 coeundo

274 745 437 832 exprimat
449 744 483 807 in
498 751 619 830 puteos
634 743 662 808 si
677 765 776 829 quem
790 745 877 830 gerit
890 744 964 829 ipsa
979 745 1136 808 calorem.

313 858 400 923 Esse
415 856 507 946 apud
520 857 714 922 Hammonis
729 859 840 923 fanum
855 858 931 923 sons
944 859 1019 922 luce
1034 857 1154 923 diurna

271 973 410 1060 frigidus
427 980 461 1036 et
476 971 601 1037 calidus
615 979 781 1036 nocturno
797 979 948 1058 tempore
961 972 1084 1036 fertur.
1180 1050 1182 1056 Ι

199 1107 249 1154 850
271 1089 360 1153 hunc
374 1088 527 1152 homines
541 1085 668 1150 fontem
682 1087 778 1151 nimis
793 1086 999 1152 admirantur
1014 1095 1048 1151 et
1062 1087 1131 1150 aori

271 1204 342 1269 sole
357 1208 477 1289 putant
491 1209 607 1288 supter
622 1209 731 1266 terras
744 1199 934 1266 fervescere
949 1201 1086 1286 raptim,

271 1339 340 1382 nox
354 1317 411 1381 ubi
425 1316 563 1381 terribili
578 1323 686 1381 terras
702 1315 841 1402 caligine
855 1315 954 1380 texit.

272 1430 365 1518 quod
379 1431 473 1495 nimis
488 1452 509 1493 a
522 1417 637 1494 verast
649 1430 748 1516 longe
762 1431 892 1495 ratione
907 1437 1085 1494 remotum:

272 1548 413 1632 quippe,
424 1545 481 1608 ubi
496 1545 548 1609 sol
562 1523 687 1608 nudum
702 1552 916 1610 contractans
932 1566 1054 1629 corpus
1069 1544 1168 1630 aquai

198 1678 246 1724 85⁵
268 1682 337 1724 non
353 1660 472 1745 quierit
486 1657 628 1723 calidum
643 1681 765 1745 supera
780 1659 823 1722 de
837 1657 979 1724 reddere
994 1667 1105 1744 parte,

271 1796 344 1838 cum
359 1795 516 1859 superum
530 1773 640 1836 lumen
654 1781 750 1839 tanto
765 1773 899 1838 fervore
913 1774 1057 1848 fruatur,

271 1889 327 1974 qui
343 1896 445 1974 queat
458 1886 514 1956 hic
527 1895 645 1974 supter
659 1895 727 1952 tam
742 1909 856 1952 crasso
872 1908 1014 1973 corpore
1028 1895 1151 1952 terram

270 2022 505 2088 perquoquere
518 2022 667 2066 umorem
682 2011 716 2068 et
730 2001 839 2067 calido
853 2002 975 2066 satiare
989 2003 1139 2088 vapore?

269 2117 466 2202 praesertim
481 2138 555 2180 cum
569 2117 626 2180 vix
641 2117 748 2204 possit
762 2137 823 2202 per
838 2125 935 2203 septa
950 2115 1123 2182 domorum

197 2251 248 2296 saa
269 2233 437 2296 insinuare
452 2253 548 2295 suum
562 2229 664 2295 radiis
679 2230 875 2296 ardentibus
889 2240 1033 2296 aestum.

271 2368 357 2434 quae
371 2347 492 2411 ratiost
503 2345 629 2431 igitur?
639 2347 674 2410 ni
687 2347 821 2422 mirum,
832 2355 923 2410 terra
936 2346 1040 2431 magis
1055 2344 1148 2431 quod

269 2482 346 2525 rara
359 2468 452 2546 tepet
466 2461 589 2524 circum
602 2458 729 2524 fontem
745 2481 845 2545 quam
859 2469 972 2546 cetera
985 2460 1100 2536 tellus,

269 2575 439 2659 multaque
454 2580 532 2637 sunt
545 2572 629 2659 ignis
644 2594 752 2660 prope
767 2575 892 2639 semina
907 2597 1029 2660 corpus
1045 2577 1158 2660 aquai.

269 2689 336 2752 hoc
349 2689 407 2752 ubi
420 2686 567 2750 roriferis
582 2693 705 2750 terram
719 2709 789 2752 nox
803 2689 916 2753 obruit
929 2689 1069 2763 umbriS,

197 2820 246 2866 aaa
269 2801 437 2888 extemplo
452 2800 585 2886 penitus
599 2799 748 2886 frigescit
761 2808 853 2866 terra
867 2802 1015 2887 coitque:

269 2917 334 2981 hac
348 2917 477 2982 ratione
492 2915 530 2979 fit
543 2922 598 2990 ut,
608 2923 676 2980 tam
692 2936 792 3001 quam
807 2937 1000 3001 compressa
1014 2938 1114 2981 manu
1129 2918 1188 2992 sit,

271 3033 434 3119 exprimat
447 3032 480 3096 in
494 3030 623 3096 fontem
638 3051 724 3117 quac
739 3032 864 3096 semina
878 3052 1019 3117 eumque
1033 3031 1136 3096 habet
1150 3031 1249 3116 ignia

271 3169 357 3233 quae
371 3145 514 3212 calidum
527 3145 654 3210 faciunt
668 3153 776 3231 aqiiae
790 3143 916 3211 tactum
931 3155 1033 3232 atquc
1049 3165 1216 3231 saporem.

270 3260 349 3325 inde
363 3261 419 3326 ubi
435 3261 486 3325 sol
499 3260 602 3324 radiis
617 3269 739 3325 terram
755 3261 894 3324 dimovit
908 3262 1049 3325 obortus

199 3394 247 3440 870
271 3384 305 3440 et
318 3395 394 3438 rare
409 3374 488 3437 fecit
503 3372 610 3437 calido
625 3374 786 3458 gliscente
801 3395 941 3458 vapore,

270 3511 387 3554 rursus
401 3489 435 3552 in
450 3488 605 3571 antiquas
620 3485 765 3550 redeunt
779 3485 960 3573 primordia
975 3485 1075 3552 sedes

271 3605 355 3690 ignis
365 3651 373 3678 ‚
384 3611 418 3667 et
431 3603 465 3666 in
481 3609 604 3665 terram
620 3598 711 3664 cedit
725 3599 816 3664 calor
831 3601 938 3665 omnis
953 3603 1066 3688 aquai.

271 3692 417 3804 frigidus
426 3715 514 3780 hanc
529 3715 571 3778 ob
586 3735 655 3778 rem
669 3714 707 3779 fit
720 3714 798 3778 fons
811 3716 846 3780 in
860 3716 934 3781 luce
950 3716 1082 3782 diurna.

271 3841 448 3920 practerea
460 3829 541 3895 solis
554 3828 657 3894 radiis
671 3829 815 3894 iactatur
829 3833 929 3918 aquai

200 3967 249 4012 875
270 3969 367 4013 umor
382 3947 462 4011 etin
476 3947 583 4010 lucem
597 3944 739 4010 tremulo
753 3947 896 4012 rarescit
910 3947 952 4011 ab
968 3953 1081 4010 aestu:

275 4268 323 4316 886
342 4263 369 4315 in
392 4263 402 4332 i}
426 4267 474 4314 846
500 4259 623 4330 Frigidus
647 4261 657 4328 ΙΙ
682 4265 728 4312 851
754 4261 862 4329 partim.
888 4261 897 4326 tt
922 4265 970 4312 857
989 4275 1069 4329 super
1092 4259 1102 4329 ΙΙ
1127 4264 1177 4312 868
1196 4257 1367 4328 Porquoocrc
1390 4257 1401 4326 η

275 4346 379 4398 soclcrc
397 4343 407 4414 ΙΙ
427 4350 476 4398 866
494 4362 551 4397 sum
571 4343 581 4415 ΙΙ
600 4349 648 4396 868
662 4343 733 4396 Paro
744 4351 818 4396 tenet
836 4343 845 4410 ii
866 4347 914 4394 864
932 4341 1023 4396 undis.
1043 4343 1053 4413 ΙΙ
1072 4349 1120 4396 866
1140 4343 1244 4398 sonitus
1263 4343 1273 4412 ΙΙ
1292 4347 1343 4395 868
1361 4341 1400 4394 lu-

274 4431 333 4482 ticis
353 4427 363 4500 it
382 4445 521 4498 vaporem.
543 4427 553 4498 it
572 4433 621 4479 876
640 4428 767 4480 miscente
785 4423 795 4494 ii
816 4433 864 4480 874
883 4423 954 4479 radis
