2970 5268
662 425 695 490 V

84 598 238 686 proinde
256 608 388 689 putare
404 599 546 684 aliquem
560 607 630 664 tum
645 601 780 665 nomina
794 600 1002 670 distribuisse

23 710 27 719 '
83 717 208 791 rebus,
224 726 271 780 et
287 713 370 780 inde
383 713 536 778 homines
551 711 709 779 didicisse
724 717 888 782 vocabula
901 719 1022 804 prima,

82 829 316 916 desiperest.
328 851 406 894 nam
415 851 481 919 'cnr
494 828 549 893 hic
564 839 681 915 posset
695 839 817 894 cuncta
828 840 947 896 notare

78 947 238 1010 vocibus
260 955 299 1010 et
313 927 426 1010 vaiios
441 945 572 1010 sonitus
587 945 738 1008 emittere
752 943 898 1029 linguae,

46 1077 63 1119 t
77 1071 258 1148 tempore
277 1059 397 1126 eodem
411 1059 464 1123 alii
478 1059 589 1122 facere
603 1058 639 1124 id
652 1080 721 1123 non
737 1059 850 1143 quisse
865 1067 1047 1146 putentur?

76 1183 289 1260 praeterea
301 1175 331 1239 si
344 1196 414 1238 non
427 1174 482 1238 alii
497 1195 631 1259 quoque
646 1175 786 1238 vocibus
800 1174 851 1237 usi

75 1291 171 1354 inter
191 1311 245 1355 se
262 1289 415 1364 fuerant,
425 1287 516 1352 unde
530 1288 630 1352 insita
644 1289 779 1352 notities
795 1298 848 1353 est

77 1405 263 1470 utilitatis
279 1413 312 1469 et
327 1401 416 1468 unde
431 1400 512 1466 data
526 1411 579 1466 est
592 1401 670 1467 huic
685 1403 790 1487 prima
804 1412 972 1488 potestas,

79 1519 173 1603 quid
191 1519 326 1594 vellet,
337 1517 448 1582 lacere
463 1525 501 1580 ut
515 1517 640 1582 scirent
653 1517 831 1603 animoque
845 1518 1022 1588 viderent?

26 1649 64 1690 tt·
79 1655 226 1721 cogere
244 1635 324 1698 item
338 1633 444 1718 pluris
459 1653 545 1696 unns
560 1633 735 1718 victosque
750 1632 887 1698 domare

79 1771 156 1813 non
177 1755 345 1835 poterat,
355 1767 466 1810 rerum
481 1755 518 1812 nt
530 1746 723 1834 perdiscere
738 1749 872 1813 nomina
885 1751 1025 1816 vellent·

82 1885 153 1928 nec
170 1863 318 1929 ratione
334 1860 459 1925 docere
471 1861 539 1926 ulla
553 1860 763 1947 suadereque
777 1861 904 1939 surdis,

84 1977 181 2061 quid
201 1979 253 2041 sit
268 1997 353 2062 opus
368 1974 458 2040 facto
470 2024 477 2050 ,
487 1974 636 2040 facilest:
649 1997 757 2061 neque
772 1978 858 2042 enim
873 1991 1084 2065 paterentur,

86 2114 159 2158 neo
178 2092 319 2157 ratione
334 2090 402 2154 ulla
416 2090 477 2156 sibi
491 2090 621 2154 ferrent
635 2092 774 2176 amplius
790 2093 879 2156 auris

26 2217 73 2264 'stt
88 2208 199 2271 vocis
216 2204 389 2270 inauditos
403 2205 533 2269 sonitus
548 2204 736 2270 obtundere
751 2205 892 2272 frustra.

91 2332 283 2406 postremo
299 2291 380 2405 (inid
395 2320 429 2383 in
442 2319 507 2383 hac
522 2319 669 2384 rotabile
683 2329 895 2406 tantoperest
909 2345 961 2398 re,

92 2437 124 2500 si
139 2457 260 2522 genus
274 2435 469 2510 humanum,
481 2435 534 2498 cui
549 2456 616 2499 vox
632 2444 665 2498 et
678 2434 791 2521 lingua
804 2437 947 2523 vigeret,

94 2573 165 2636 pro
182 2551 282 2616 vario
297 2570 398 2613 sensu
412 2549 573 2614 veriores
588 2571 671 2613 voce
685 2551 840 2616 notaret?

97 2689 181 2731 oum
199 2663 347 2751 pecudes
363 2673 488 2736 mutae,
500 2685 573 2726 cum
590 2663 735 2750 denique
749 2667 861 2732 saecla
874 2669 1020 2734 serarum

35 2791 80 2840 leo
95 2780 275 2846 dissimilis
289 2780 419 2844 soleant
434 2797 535 2843 voces
550 2779 726 2864 variasque
742 2783 843 2857 ciere,

99 2919 183 2962 cum
199 2903 307 2960 metus
322 2900 381 2958 aut
395 2891 492 2957 dolor
507 2907 560 2958 est
575 2901 610 2956 et
624 2915 699 2958 oum
712 2896 777 2958 iam
791 2895 914 2980 gaudia
928 2899 1088 2983 gliscunt.

100 3013 237 3097 quippe
253 3010 372 3073 etenim
387 3008 462 3072 licet
476 3007 512 3072 id
526 3008 628 3070 rebus
643 3027 849 3092 cognoscere
863 3012 1002 3092 apertis.

99 3127 246 3191 inritata
260 3145 378 3188 canum
392 3143 465 3188 oum
481 3122 623 3210 primum
637 3121 767 3184 inmane
782 3120 966 3186 Molossum

100 3239 222 3305 mollia
236 3240 320 3304 ricta
334 3238 479 3302 fremunt
493 3235 603 3331 duros·
613 3234 775 3301 nudantia
789 3234 924 3310 dentes,

37 3363 85 3413 :stt
100 3355 210 3440 longe
226 3353 289 3418 alio
304 3354 415 3417 sonitu
429 3352 521 3416 rabie
535 3349 693 3416 restricta
705 3351 888 3426 minantur,

102 3481 141 3534 et
158 3489 235 3532 cum
249 3468 314 3532 iem
328 3469 452 3534 latrant
467 3475 500 3531 et
514 3467 654 3532 vocibus
669 3468 779 3532 omnia
793 3467 977 3553 complent:

101 3597 140 3649 et
158 3583 289 3648 catulos
304 3581 426 3647 blande
441 3603 515 3648 oum
530 3582 642 3668 lingua
655 3582 803 3648 lambere
816 3591 996 3668 temptant,

103 3709 169 3764 aut
182 3699 239 3762 ubi
255 3719 313 3762 eos
328 3698 454 3762 iactant
469 3696 611 3784 pedibus
626 3717 807 3783 morsuque
821 3707 975 3783 petentes

104 3814 282 3899 suspensis
297 3822 433 3876 teneros
448 3812 639 3876 minitantur
655 3810 812 3877 dentibus
826 3812 983 3892 haustus,

38 3941 89 3990 too
105 3928 209 4014 longe
224 3929 288 3992 alio
304 3936 405 4012 pacto
421 3927 558 4010 gannitu
572 3926 666 3990 vocis
680 3925 835 4001 adulant,

113 4165 175 4211 1018
193 4157 305 4226 Utilitas
324 4159 334 4226 ll
358 4161 422 4208 1040
441 4157 521 4209 sciret
540 4159 550 4224 11
569 4155 682 4208 videret.
711 4157 720 4222 Η
750 4161 814 4207 1052
834 4156 941 4210 sordes.
969 4159 979 4227 11
1009 4163 1073 4212 1050
1093 4158 1171 4213 steilo
1188 4159 1211 4212 si
1231 4161 1241 4226 ΙΙ

8 4255 9 4265 ’
112 4249 173 4295 1055
192 4243 284 4296 sonitu
298 4238 463 4295 subtundero
481 4241 492 4308 ΙΙ
513 4244 577 4293 1058
596 4239 683 4292 varias
695 4255 739 4291 res
757 4239 767 4307 ΙΙ
789 4243 852 4292 1002
871 4239 897 4290 in
918 4240 928 4308 ll
948 4246 1012 4292 1003
1032 4259 1127 4313 magna
1146 4243 1155 4310 Η
1176 4247 1240 4294 1001

8 4326 10 4344 '
110 4333 233 4396 premunt
252 4327 262 4396 ΙΙ
285 4331 348 4378 1005
368 4323 419 4378 alia
438 4324 448 4392 ll
467 4325 558 4378 stricta
577 4324 702 4376 minatur.
721 4323 731 4388 11
752 4326 815 4374 1001
830 4323 869 4374 At
887 4325 897 4390 11
919 4328 983 4376 1000
1001 4324 1100 4378 lactant
1118 4327 1128 4391 ll
1146 4331 1241 4394 poten-

111 4419 163 4465 tes.
182 4413 193 4478 ss
218 4415 283 4462 1000
303 4409 438 4462 imitantur
