2990 5202
271 487 341 557 168
805 485 853 554 111

269 664 359 728 sario
375 659 590 726 seribendum
606 665 659 724 est
674 659 758 744 leals
770 660 804 723 ia
818 657 968 725 aetheriae
980 658 1104 724 eolaeer
1116 681 1149 722 ee
1160 660 1282 724 aab&
1295 682 1390 737 oras,

270 783 290 825 a
304 761 427 846 quibus
441 759 476 823 in
490 755 654 844 proximis
668 769 769 822 tenues
783 780 879 821 ouras
892 759 1038 842 Aeraque
1052 753 1246 842 distinguit.

351 855 1093 933 41210Quoeurearasrssrsnamr
1108 876 1190 918 reos
1205 876 1299 918 rrnr
1316 875 1389 917 no-

272 977 319 1020 nu
328 977 349 1018 u
368 1003 375 1016 .
394 954 515 1022 Eorum
529 973 597 1038 quo
612 951 826 1022 referendum
841 951 887 1016 sit
901 952 959 1016 vix
974 959 1140 1036 apparet.
1157 951 1388 1016 concedamus

272 1061 384 1117 tamen
399 1073 439 1116 eo
456 1057 492 1116 et
505 1071 636 1116 omnem
653 1053 771 1116 orbem
785 1051 857 1114 sive
871 1049 1047 1116 eireuitnm
1061 1049 1210 1134 pupulae
1225 1059 1261 1114 et
1274 1071 1388 1135 pupu-

271 1149 337 1214 lam
352 1151 459 1236 ipsam
471 1149 614 1215 indicari
630 1149 757 1236 ‚plhilo
773 1150 880 1214 minus
892 1148 979 1212 haee
993 1148 1057 1214 sibi
1071 1155 1266 1235 repugnant
1290 1169 1385 1236 :nam

272 1248 330 1333 qui
344 1248 504 1314 eernendi
518 1255 724 1335 potestatem
738 1259 831 1312 stare
847 1246 946 1320 dicit,
957 1245 1037 1310 dum
1049 1245 1151 1310 modo
1166 1269 1208 1310 ne
1220 1255 1315 1312 totus
1331 1267 1385 1310 or-

271 1347 324 1410 bis
336 1349 645 1432 corrumpatur‚ita
654 1347 789 1433 quidem
799 1346 827 1412 si
835 1344 963 1430 pupula
971 1345 1182 1430 relinquatur
1192 1345 1284 1421 sola,
1294 1345 1386 1409 idem

272 1445 340 1510 hoe
361 1447 434 1512 sine
455 1448 604 1532 pernioie
625 1449 719 1512 visus
738 1447 811 1512 fieri
832 1455 936 1532 negat
950 1495 957 1508 .
971 1444 1087 1530 itaque
1107 1450 1211 1528 poeta
1226 1491 1235 1519 ‚
1249 1443 1279 1508 si
1300 1443 1384 1508 illud

273 1545 381 1620 dixit,
402 1545 471 1610 hoe
486 1545 621 1610 adicere
635 1567 704 1610 non
719 1545 832 1630 potuit
848 1593 855 1607 .
875 1541 938 1609 sed
953 1542 1096 1617 adieoit‚
1111 1542 1177 1608 nisi
1190 1541 1310 1618 fallor,
1326 1541 1384 1606 ali-

198 1637 199 1640 ’
273 1641 350 1724 quis
361 1688 369 1716 ‚
380 1642 438 1726 qui
448 1648 584 1725 politam
595 1642 846 1727 reprehendere
859 1639 981 1716 vellet,
994 1639 1131 1726 quodie
1146 1640 1301 1726 exemplo
1316 1663 1385 1704 non

234 1804 238 1812 ,
272 1737 357 1802 satis
372 1745 454 1822 apto
468 1761 550 1804 usus
565 1749 672 1806 esset:
684 1741 721 1804 id
730 1741 840 1824 ipsum
852 1740 939 1804 enim
949 1737 1044 1823 quod
1053 1737 1109 1803 ille
1122 1739 1278 1822 posuerit
1292 1739 1383 1822 nullo

272 1835 375 1920 modo
389 1835 462 1901 lieri
475 1857 597 1922 posse.
613 1858 694 1924 ergo
706 1837 762 1902 hie
772 1858 891 1902 versus
904 1835 1023 1902 eodem
1037 1836 1178 1902 oonsilio
1188 1837 1224 1899 in
1235 1835 1383 1902 Lucretii
1483 1841 1484 1864 ¹

273 1954 409 1998 earmen
423 1935 604 2006 illatusest
614 1985 622 2012 ‚
634 1958 703 2023 quo
718 1936 863 2002 vidimus
877 1937 912 2000 in
928 1936 1014 2000 libro
1029 1935 1138 2019 primo
1153 1942 1234 2019 post
1247 1956 1382 1999 versum
1483 1951 1484 1982 l

272 2031 314 2096 43
329 2053 391 2096 sex
405 2055 524 2098 versus
539 2034 676 2100 additos
691 2056 785 2112 esse,
802 2033 932 2100 scilieet
945 2041 984 2097 ut
997 2037 1133 2118 poetam
1147 2054 1309 2118 peeoasse
1325 2055 1381 2118 ap·
1483 2105 1484 2108 Ἴ

273 2139 426 2214 pareret.
437 2131 504 2198 hoe
520 2155 593 2198 eum
606 2153 717 2219 paene
730 2133 954 2198 intellexisset
967 2131 1149 2196 Lambinus
1163 2179 1170 2207 ‚
1187 2132 1245 2216 qui
1258 2132 1382 2196 multos

271 2249 392 2294 versus
407 2230 554 2314 optimos
569 2231 713 2307 delevit,
728 2231 820 2296 huno
840 2233 956 2315 inepte
978 2237 1143 2315 temptare
1164 2229 1283 2296 maluit
1303 2232 1381 2296 seri·

272 2327 385 2392 bondo
401 2329 443 2393 Id
454 2351 573 2418 qaoque
587 2333 667 2396 erim
679 2332 744 2394 siae
751 2330 891 2416 pernicie
906 2329 1013 2418 conflet
1026 2351 1146 2392 ewam.

355 2426 425 2490 415.
456 2427 682 2492 Iseonusms
715 2448 894 2506 ouauvm
926 2446 1095 2502 atroam
1127 2447 1383 2492 ernnnmnus
1483 2463 1484 2520 ἰ

274 2543 408 2588 oanrs.
419 2523 486 2590 Hie
497 2545 616 2590 versus
631 2547 674 2590 ex
687 2524 806 2590 eadem
820 2525 950 2598 fabrica
960 2525 1069 2600 venit,
1081 2533 1116 2588 et
1130 2526 1383 2590 construetione

273 2620 433 2684 laborans
448 2631 483 2686 et
497 2623 664 2688 vocabulo
679 2645 748 2686 uon
763 2624 847 2687 satis
861 2625 1001 2710 antiquo
1021 2622 1162 2710 insignis
1181 2669 1189 2697 ‚
1212 2643 1281 2707 quo
1306 2635 1383 2688 ante

274 2717 404 2782 Livium
426 2721 589 2784 neminem
611 2742 709 2786 usum
732 2741 807 2786 esse
828 2729 921 2786 reete
951 2722 1147 2787 observavit
1167 2720 1323 2786 Haudius
1351 2723 1382 2786 in
1483 2757 1484 2802 3

247 2871 255 2882 .
274 2815 455 2881 Tursellini
469 2825 561 2882 tomo
578 2843 589 2883 1
605 2841 636 2905 p.
648 2819 729 2884 236.
749 2826 888 2905 poterat
902 2819 1030 2884 addere
1044 2825 1165 2903 poetas
1179 2839 1220 2884 eo
1241 2841 1382 2905 prorsus
1483 2899 1484 2902 Ἴ

274 2915 495 2992 abstinuisse,
505 2939 569 2984 nee
583 2918 732 2985 debebat
742 2919 901 2983 Lucretio
917 2917 1129 2984 adscribere:
1141 2925 1233 2982 eerte
1247 2929 1382 3003 praeter
1483 2907 1484 2978 l

274 3012 360 3078 duos
376 3014 509 3082 Horatii
529 3019 564 3082 in
585 3019 797 3085 sermonibus
811 3039 931 3084 versus
944 3039 1034 3082 nuno
1056 3017 1140 3082 alios
1161 3015 1272 3081 nullos
1296 3039 1383 3083 eom-
1483 3103 1484 3116 χ

273 3115 405 3179 memini
421 3162 429 3192 ,
451 3114 487 3180 in
503 3118 624 3202 quibus
638 3120 756 3205 alioqui
769 3118 931 3201 seriptum
945 3115 1084 3202 legerim
1106 3164 1113 3178 .
1137 3122 1286 3180 aeterum
1300 3119 1384 3204 etqui
1483 3129 1484 3210 ᾗ

274 3219 352 3276 ante
373 3213 510 3278 vocales
531 3223 720 3302 posuerunt
734 3215 876 3280 Plautus
898 3234 939 3278 ao
956 3213 1160 3288 Terentius,
1182 3233 1251 3276 non
1272 3213 1382 3280 Hora·
1483 3263 1484 3268 η

274 3311 340 3374 tius
350 3312 384 3374 in
396 3333 587 3376 sermonum
598 3337 620 3393 1,
632 3315 679 3388 16,
688 3315 726 3377 31
738 3361 746 3387 ,
758 3315 862 3400 atquin
870 3325 898 3377 et
906 3312 1036 3377 Statius
1045 3311 1152 3376 Theb.
1161 3333 1207 3387 vi,
1219 3311 1275 3376 161
1286 3315 1385 3401 ‚qaod

272 3410 321 3470 sia
330 3431 372 3472 ea
386 3407 544 3473 Valerius
558 3407 699 3476 Flaccus
714 3412 748 3476 iu
762 3434 793 3487 v,
803 3410 880 3475 668¹.

355 3506 427 3569 417.
442 3525 730 3573 aurusurraus
752 3531 799 3572 sr
820 3529 1101 3573 uoaranmus.
1125 3506 1212 3573 Olim
1228 3509 1383 3595 impressi
1483 3555 1484 3562 κ

217 3583 224 3598 ’
274 3610 401 3667 stante
417 3604 566 3668 eosItali
581 3617 851 3671 etuoarsnss.

355 3700 426 3767 420.
458 3703 596 3768 Diona
631 3726 706 3768 rua
742 3725 905 3769 ransart
937 3725 1167 3768 nisrouaas
1199 3727 1381 3771 carniae
1483 3737 1484 3788 3

273 3823 385 3866 vrrn.
397 3801 493 3868 Haeo
506 3802 655 3889 intellegi
670 3823 739 3868 non
753 3810 917 3889 possunt:
931 3801 1024 3866 nullo
1041 3804 1128 3866 enim
1138 3802 1263 3868 iudicio
1276 3803 1381 3870 Faber

273 3907 326 3960 tua
339 3901 400 3964 υἱέα
415 3902 659 3988 interpretatur
678 3913 704 3966 te
718 3949 728 3984 ‚
747 3899 981 3966 Wakefieldus
994 3901 1128 3966 membru
1142 3901 1200 3964 ab
1215 3923 1253 3965 oo
1266 3904 1382 3966 eiras&

273 3994 328 4058 bar
339 4043 345 4058 .
357 4000 452 4065 nimis
465 4003 636 4088 eleganter
649 4001 829 4066 Creeohius
841 4007 985 4084 temptat
996 4010 1047 4064 tuo
1057 4011 1123 4063 uate
1135 4047 1141 4061 .
1152 3999 1211 4062 vix
1226 3998 1384 4064 dubitan-

274 4091 354 4156 dum
370 4103 422 4157 est
436 4100 517 4180 quin
531 4108 600 4163 tam
615 4102 772 4186 antiquus
788 4105 891 4186 podta
903 4098 960 4162 hie
972 4098 1213 4162 allitteratione
1227 4121 1309 4163 usus
1325 4100 1383 4164 sit:

274 4211 337 4255 nee
358 4213 437 4256 rara
456 4205 509 4257 est
528 4198 562 4260 iu
576 4197 677 4262 huius
691 4199 858 4284 potmatis
875 4196 1123 4282 exemplaribus
1138 4195 1272 4261 litterae
1287 4199 1385 4262 unius

274 4291 525 4374 praetermissio
541 4341 548 4355 .
564 4294 639 4360 dieo
661 4297 764 4383 igitur
786 4294 1001 4360 scribendum
1023 4317 1099 4360 esse
1121 4295 1228 4380 Dr'paa
1248 4307 1304 4360 tae
1324 4297 1384 4361 de-

268 4411 385 4474 ponere
399 4391 540 4455 earmina
554 4413 656 4457 cuae
668 4443 675 4458 .
687 4393 858 4480 Vergilius
873 4395 920 4458 illi
933 4417 1002 4458 meo
1017 4396 1157 4460 carteiae
1171 4417 1280 4459 carae.

354 4487 424 4552 421.
448 4487 507 4552 Tu
525 4511 598 4554 nae
615 4513 831 4569 urauuoua
848 4514 926 4558 uuo
943 4515 1298 4560 sunrosonsnoun
1316 4517 1383 4557 so-
