2970 5268
257 485 324 555 132
786 484 849 552 llll

253 663 363 728 omnia
378 660 539 725 mendose
553 659 623 724 fieri
638 668 739 746 atque
754 661 888 747 obstipa
903 682 1040 726 necesse
1056 673 1108 728 cst

253 797 359 866 prava
373 776 530 840 cubantia
543 797 650 861 prona
664 776 784 870 supina
798 784 900 861 atque
915 779 1043 842 absona
1058 786 1162 854 tecta,

251 894 316 956 iam
331 912 428 955 ruere
443 899 481 954 ut
496 889 659 976 quaedam
674 889 851 954 videantur
866 892 950 955 velle
960 942 967 966 ‚
979 899 1145 978 ruantque
1207 863 1211 876 ἱ

251 1001 387 1095 prodita
400 1004 530 1069 iudiciis
544 1004 717 1068 fallacibus
732 1006 841 1069 omnia
856 1007 985 1090 primis,

180 1139 229 1186 555
252 1122 413 1207 sicigitur
427 1120 513 1183 ratio
528 1120 588 1184 tibi
602 1141 711 1183 rerum
727 1141 833 1206 prava
846 1129 1021 1184 necessest

251 1237 402 1320 falsaque
417 1235 477 1310 sit,
487 1234 581 1298 falsis
596 1255 681 1319 quae
697 1256 838 1320 cumque
853 1236 895 1298 ab
910 1235 1063 1299 sensibus
1079 1243 1200 1298 ortast.

290 1349 390 1414 Nunc
405 1349 458 1412 alii
474 1369 595 1412 sensus
611 1369 677 1433 quo
694 1357 795 1434 pacto
810 1349 952 1434 quisque
968 1370 1061 1412 suem
1077 1369 1145 1412 rem
1216 1377 1219 1384 ·

249 1465 388 1536 sentiat,
399 1461 491 1526 baud
506 1483 672 1548 quaquam
687 1463 773 1527 ratio
789 1485 953 1549 scruposa·
965 1463 1082 1528 relicta
1096 1475 1162 1528 est.

291 1578 459 1662 Principio
475 1575 609 1642 auditur
624 1598 727 1640 sonus
744 1587 777 1642 55
791 1598 859 1641 vox
877 1579 982 1642 omnis
992 1626 999 1652 ,
1009 1579 1042 1640 in
1058 1579 1147 1642 auris

177 1711 225 1756 555
247 1693 414 1756 insinuata
428 1712 490 1755 suo
506 1690 664 1778 pepulere
679 1691 734 1754 ubi
751 1713 894 1776 corpore
910 1713 1059 1756 sensum.

248 1828 444 1891 corpoream
459 1827 575 1869 vocem
592 1827 725 1890 quoque
742 1807 827 1869 enim
842 1817 997 1870 constare
1012 1806 1218 1871 fatendumst

248 1930 283 1985 55
297 1921 458 1996 sonitum,
471 1920 625 2005 quoniam
641 1929 785 2005 possunt
797 1920 955 2006 inpellere
971 1941 1104 1984 sensus.

246 2044 423 2122 praeterea
437 2033 525 2098 radit
540 2057 608 2098 vox
622 2034 736 2098 fauces
751 2055 870 2121 saepe,
882 2035 1030 2119 facitque

246 2152 418 2237 asperiora
431 2149 522 2214 foras
538 2148 695 2234 gradiens
710 2150 834 2212 arteria
848 2150 987 2213 elamor.

174 2283 223 2330 555
246 2266 370 2352 quippe
381 2314 388 2340 ‚
399 2287 460 2351 per
474 2272 651 2350 angustum
668 2264 767 2327 turba
780 2265 902 2328 maiore
918 2273 1035 2327 coorta

244 2382 292 2445 ire
306 2379 399 2444 foras
414 2379 471 2443 ubi
486 2387 670 2464 coeperunt
685 2378 867 2464 primordia
882 2401 1017 2452 vocum,

245 2495 389 2567 scilicet,
402 2494 524 2578 expleti
541 2513 676 2577 quoque
689 2492 788 2557 ianua
800 2492 928 2556 raditur
943 2494 1022 2556 oris.

244 2607 336 2672 haud
349 2609 450 2692 igitur
465 2605 635 2669 dubiumst
649 2605 729 2690 quin
743 2627 845 2668 voces
860 2609 1030 2693 verbaque
1045 2617 1203 2673 constent

246 2722 419 2809 corporeis
435 2742 453 2784 e
470 2719 655 2808 principiis,
666 2727 704 2782 ut
719 2719 852 2783 laedere
868 2723 1016 2806 possint.

173 2857 221 2903 sae
243 2859 304 2903 nec
319 2844 353 2901 55
367 2835 451 2900 fallit
464 2836 543 2899 item
559 2832 639 2919 quid
655 2835 806 2919 corporis
821 2833 952 2900 auferat
967 2837 1095 2921 etquid

244 2951 401 3018 detrahat
417 2972 459 3015 ex
473 2949 641 3014 hominum
656 2950 767 3013 nervis
782 2971 821 3013 ao
835 2951 960 3014 viribus
975 2950 1056 3035 ipsis

241 3075 429 3156 perpetuus
441 3086 549 3130 sermo
565 3049 670 3151 digrai
685 3067 793 3130 noctis
808 3064 851 3130 ad
865 3067 1015 3130 umbram

242 3204 383 3249 aurorae
398 3179 583 3268 perductus
598 3181 640 3245 ab
656 3181 827 3244 exoriente
842 3183 964 3258 nitore,

240 3297 437 3386 praesertim
452 3296 480 3359 si
495 3316 570 3358 cum
584 3303 746 3358 summost
761 3295 904 3358 clamore
919 3295 1093 3382 profusus.

168 3431 217 3477 555
240 3433 320 3499 ergo
337 3429 532 3496 corpoream
547 3429 663 3471 vocem
680 3417 835 3471 constare
848 3417 1036 3481 necessest,

238 3527 341 3592 multa
354 3527 496 3610 loquens
511 3523 665 3607 quoniam
682 3522 802 3585 amittit
817 3521 859 3584 de
874 3543 1018 3606 corpore
1032 3533 1176 3608 partem.

167 3661 214 3706 555
238 3641 402 3727 asperitas
417 3645 526 3702 autem
541 3636 633 3699 vocis
647 3635 685 3700 fit
700 3636 742 3698 ab
758 3637 939 3722 asperitate

180 3787 183 3794 ·
239 3755 491 3843 principiorum,
504 3760 538 3846 et
551 3751 627 3814 item
643 3751 736 3814 levor
751 3750 863 3815 levore
879 3759 1029 3818 creatur:

166 3887 214 3933 ⁵42
236 3892 298 3935 nec
314 3868 408 3935 simili
422 3875 600 3954 penetrant
613 3865 702 3930 auris
718 3867 899 3952 primordia
912 3867 1033 3944 forma,

237 4007 311 4050 cum
326 3985 407 4048 tuba
421 3981 584 4068 depresso
599 3981 746 4065 graviter
760 3983 823 4047 sub
837 4003 1003 4046 murmure
1018 3985 1121 4068 mugit

237 4110 272 4165 et
285 4101 404 4164 reboat
418 4119 552 4162 raucum
568 4098 660 4184 regio
677 4099 742 4162 cita
756 4098 900 4162 barbara
915 4098 1085 4174 bombum,

235 4386 283 4431 517
303 4377 390 4430 Parra
413 4378 422 4444 11
447 4383 496 4428 525
515 4375 653 4447 Corporea
678 4379 687 4446 11
712 4395 803 4431 vocem
822 4385 954 4431 ennianum.
975 4379 1052 4447 11535
1072 4379 1185 4450 expletis
1203 4381 1213 4449 11
1233 4379 1362 4432 5521555

233 4461 355 4528 1551555511
374 4467 422 4513 513
442 4461 602 4528 5555555555511
621 4469 669 4513 511
688 4473 794 4514 reserat
813 4461 822 4530 11
841 4467 913 4514 retro
