2970 5268
271 475 338 546 102
807 479 856 548 lll

194 667 243 714 ees
265 672 345 728 uec,
357 661 425 717 tem
440 659 618 717 contextae
634 673 710 716 cum
724 652 808 729 siut,
821 653 912 717 exire
926 651 1083 718 videntur

266 766 450 830 incolumes
465 787 566 851 posse
582 773 617 830 et
631 766 742 830 selvas
758 765 934 831 exsolvere
949 788 1025 832 sese

268 878 421 944 omnibus
435 880 581 946 enervis
596 887 698 966 etque
712 880 844 945 ossibus
857 879 1090 968 articulisque.

269 993 363 1080 quod
377 993 405 1058 si
419 993 507 1060 forte
522 1001 622 1079 putes
638 995 846 1060 extrinsecus
860 996 1062 1061 insinuatam

268 1129 465 1197 permonere
479 1109 621 1174 enimam
635 1109 732 1174 uobis
746 1132 807 1195 per
821 1112 971 1176 membre
984 1111 1109 1188 solere,

196 1241 248 1288 700
271 1231 367 1289 tento
382 1223 506 1310 quique
520 1223 625 1310 magis
640 1245 715 1288 cum
729 1246 874 1311 corpore
887 1225 962 1290 fusa
976 1225 1114 1312 peribit:

270 1337 363 1425 quod
378 1347 553 1424 permanet
568 1338 653 1405 enim
669 1337 863 1404 dissolvitur
872 1389 881 1416 ‚
890 1341 1006 1406 interit
1020 1361 1118 1428 ergo.

270 1452 466 1539 dispertitus
481 1455 566 1518 enim
580 1475 642 1539 per
656 1454 770 1518 0011100
785 1455 938 1542 corporis
953 1455 1060 1520 omnis

270 1575 310 1632 ut
325 1568 436 1644 cibus,
447 1567 481 1632 in
494 1569 642 1634 membre
656 1577 758 1654 etque
773 1576 866 1633 artus
881 1589 956 1633 cum
970 1567 1096 1634 diditur
1110 1572 1234 1644 omnis,

271 1681 413 1765 disperit
427 1689 529 1768 etque
543 1683 640 1747 eliam
653 1691 808 1748 natnrem
823 1681 945 1774 sufficit
960 1703 1001 1746 ex
1015 1705 1070 1760 se,

198 1813 248 1862 705
270 1796 318 1860 sic
332 1797 440 1862 anime
454 1805 555 1883 etque
570 1799 697 1862 enimus
713 1797 864 1883 quemvis
876 1796 1007 1882 integre
1020 1819 1138 1862 recens
1151 1800 1185 1862 in

273 1932 397 1996 corpus
412 1920 510 1988 eunt,
521 1920 630 1977 temen
645 1913 679 1976 in
693 1910 861 1976 menende
877 1909 1122 1986 dissoluuntur,

272 2023 352 2090 dum
366 2027 462 2113 qussi
477 2048 538 2113 per
553 2027 665 2092 caules
677 2027 784 2092 omnis
799 2025 960 2092 diduntur
974 2026 1009 2089 in
1023 2034 1118 2090 artus

272 2141 455 2226 particulae
469 2143 591 2229 quibus
604 2143 689 2208 haec
703 2141 802 2206 enimi
815 2149 936 2206 nature
950 2153 1099 2216 creetur,

273 2277 360 2342 quse
374 2279 463 2323 nunc
477 2257 512 2322 in
525 2267 644 2324 nostro
659 2256 851 2323 dominetur
865 2277 1010 2342 corpore
1024 2263 1104 2320 ueto

200 2387 249 2434 710
272 2392 314 2435 ex
326 2371 383 2438 ille
397 2395 483 2459 quae
497 2381 567 2438 tum
580 2373 680 2459 periit
694 2373 819 2458 partite
832 2393 894 2458 per
907 2379 1017 2436 ertus.

272 2495 493 2572 quapropter
507 2509 617 2573 neque
632 2488 732 2551 natali
747 2490 879 2572 privato
892 2483 1027 2550 videtur

274 2619 348 2662 esse
362 2598 416 2663 die
431 2608 551 2666 nature
565 2601 693 2664 animae
707 2622 770 2664 nec
783 2600 909 2664 funeris
925 2621 1059 2688 expers.

313 2713 446 2779 Semina
459 2723 635 2801 praeterea
648 2715 843 2801 linquontur
855 2735 993 2792 ‚necne‚
1005 2715 1123 2802 enimsi

273 2849 415 2915 corpore
430 2829 463 2894 iu
478 2829 656 2895 exanimo?
667 2829 760 2916 quod
775 2829 803 2896 si
817 2829 987 2895 lincuntur
1004 2839 1038 2896 et
1051 2831 1180 2908 insunt,

201 2960 249 3006 71⁵
271 2943 356 3009 heut
370 2945 433 3009 erit
446 2952 485 3009 ut
498 2946 616 3012 merito
630 2945 815 3011 inmortalis
829 2945 939 3033 possit
952 2945 1086 3022 heberi,

272 3060 425 3146 pertibus
440 3060 569 3126 emissis
583 3061 741 3148 quonism
755 3061 858 3126 libate
871 3060 1026 3126 recessit:
1046 3129 1050 3136 ,

272 3177 323 3240 sin
338 3177 386 3241 ite
399 3175 536 3241 sinceris
551 3177 706 3242 membris
721 3177 832 3241 ablate
846 3174 1009 3262 profugit,

272 3298 311 3355 ut
323 3291 431 3354 nullas
447 3291 553 3378 pertis
566 3292 600 3354 in
617 3313 759 3378 corpore
774 3289 908 3375 liquerit
923 3311 965 3354 ex
981 3311 1031 3366 se,

272 3403 363 3468 unde
378 3403 543 3469 cadavere
556 3406 706 3470 rancenti
720 3405 785 3467 iem
799 3404 928 3468 viscere
942 3425 1072 3470 vermes

200 3535 251 3582 720
274 3519 443 3604 expirent,
455 3527 556 3605 atque
571 3518 662 3582 uude
677 3519 881 3582 animantum
895 3519 993 3606 copie
1006 3528 1102 3586 tenta

274 3655 357 3698 exos
373 3641 407 3698 et
421 3633 581 3719 exanguis
596 3631 742 3698 tumidos
758 3632 959 3717 perfluctuat
973 3636 1090 3700 artus?

274 3745 367 3833 quod
382 3747 410 3810 si
424 3747 514 3814 forte
529 3747 655 3814 enimes
670 3749 881 3814 extrinsecus
894 3749 1055 3815 insinuari

272 3861 441 3926 vermibus
456 3871 490 3928 et
504 3863 617 3949 prives
631 3865 665 3928 in
680 3885 825 3950 corpore
838 3886 941 3950 posse
954 3865 1069 3930 venire

274 3975 400 4054 credis,
411 3997 474 4043 nec
487 3987 626 4066 reputes
641 3967 700 4045 cur
713 3979 802 4045 milia
814 3980 919 4045 multe
934 3979 1116 4046 animorum

201 4107 250 4154 725
273 4093 475 4158 convenient
488 4093 578 4159 unde
592 4117 660 4160 une
672 4095 867 4170 recesserit,
878 4095 945 4160 hoc
959 4104 1070 4160 temen
1085 4103 1191 4161 estut

274 4279 364 4288 ..n—-
375 4279 476 4286 -—.-.-.

276 4371 589 4446 702Dispe1titurcrgo
624 4375 635 4444 ΙΙ
670 4383 718 4430 705
738 4379 857 4447 quumvis
876 4385 917 4432 ost
947 4379 957 4448 ll
986 4379 1013 4431 in
1031 4384 1165 4432 matema.
1194 4377 1205 4446 ΙΙ
1235 4382 1364 4430 71010110
1389 4370 1400 4437 ll

276 4461 325 4508 718
343 4455 379 4510 Et
397 4457 407 4526 Ι1
426 4463 476 4511 719
495 4459 582 4513 vicere
600 4459 611 4529 ΙΙ
629 4465 678 4512 723
697 4460 772 4532 privo
789 4462 812 4514 si
