2970 5268
597 438 660 507 llll

76 615 304 674 commutantur
319 609 364 674 ibi
379 610 549 696 positurae
564 611 816 698 principiorum

76 733 102 785 ut
111 725 194 806 prius
209 721 257 786 ed
274 745 413 788 sensum
427 745 513 808 quac
529 745 674 811 corpora
687 727 933 792 conveniebant

74 857 142 900 nunc
154 859 224 902 non
239 839 465 914 convenient,
478 847 513 903 et
527 847 640 903 cetera
654 840 722 905 sint
735 841 838 926 magis
852 849 948 928 epte,

36 965 58 1005 u
73 972 137 1034 quae
150 961 337 1037 penetrate
351 961 478 1037 queunt
492 975 626 1017 sensum
641 954 841 1040 progignere
854 957 1023 1022 acerbum.

38 1077 60 1122 tt
102 1064 190 1130 Nunc
204 1087 273 1152 age
286 1116 296 1142 ‚
309 1088 375 1152 quo
391 1077 492 1151 pecto
507 1069 597 1132 naris
612 1067 764 1133 adiectum
779 1067 893 1134 odoris

74 1188 168 1264 ungat
181 1201 286 1266 egam
296 1230 303 1245 .
314 1181 457 1267 primum
469 1202 525 1246 res
540 1183 661 1247 multas
677 1201 751 1246 esse
764 1193 938 1248 necessest

72 1291 142 1355 uode
155 1293 267 1359 fluens
284 1296 402 1360 volvot
414 1296 527 1360 varius
542 1317 579 1360 se
592 1295 713 1362 fluctus
727 1295 885 1370 odorum,

73 1414 97 1468 et
108 1405 203 1471 liuere
219 1418 259 1474 et
273 1411 361 1474 mitti
375 1411 477 1496 volgo
492 1411 672 1498 spargique
686 1407 921 1496 putandumst:

72 1539 166 1584 verum
181 1524 258 1588 aliis
274 1525 359 1588 elius
374 1525 476 1610 magis
493 1533 546 1590 est
559 1525 780 1591 animantibus
795 1534 912 1613 uptus,

74 1629 221 1702 dissimilis
236 1649 383 1726 propter
396 1637 522 1704 formas
534 1688 540 1703 .
554 1639 701 1725 ideoque
715 1661 776 1727 per
790 1661 889 1706 eures

72 1747 158 1813 mellis
172 1771 259 1836 apes
277 1753 428 1838 quamvis
442 1754 543 1840 longe
559 1752 727 1818 ducuntur
742 1753 864 1830 odore,
921 1740 926 1752 ’

36 1876 58 1916 ιι
73 1861 259 1952 volturiique
276 1866 514 1932 cadaveribus:
526 1877 596 1932 tum
609 1869 690 1932 lissa
702 1868 847 1933 ferorum

72 1978 177 2061 ungula
192 2002 265 2066 quo
282 1983 397 2048 tulerit
410 2003 563 2068 gressum
578 1984 740 2069 permisso
753 2004 872 2047 conum
886 1984 938 2048 vis

74 2087 154 2168 dicit,
165 2103 199 2158 ct
212 2095 398 2162 humanum
411 2097 511 2184 longe
526 2098 712 2185 praesentit
726 2096 864 2162 odorem

74 2200 313 2275 Romulidarum
328 2212 414 2276 ercis
429 2221 599 2288 servator,
611 2210 775 2276 candidus
790 2233 907 2276 anser.

76 2319 112 2382 sic
126 2322 192 2388 eliis
207 2326 298 2390 elius
312 2323 410 2390 nidor
426 2325 524 2391 datus
540 2326 584 2392 ed
600 2347 660 2391 sua
675 2347 840 2412 quemque

37 2439 61 2487 ⁵³⁵
76 2435 182 2516 pabule
196 2438 296 2506 ducit
309 2452 343 2505 et
357 2461 378 2504 a
392 2448 480 2505 tetro
495 2441 621 2506 resilire
636 2462 766 2506 veneno

76 2552 167 2635 cogit,
179 2575 292 2642 eoque
307 2555 409 2620 modo
424 2564 601 2621 serventur
615 2557 725 2622 saeclo
738 2555 898 2622 ferarum.

107 2663 165 2730 Hic
179 2670 267 2737 odor
280 2673 353 2758 ipse
367 2670 483 2756 igitur,
494 2672 583 2735 neris
599 2672 656 2757 qni
670 2692 811 2757 cumque
825 2671 975 2745 lucessit,

79 2787 119 2841 est
130 2781 192 2847 elio
206 2795 248 2851 ut
261 2785 372 2872 possit
385 2785 531 2871 permitti
545 2785 677 2871 longius
692 2787 792 2850 alter:

79 2891 127 2955 scd
140 2903 250 2965 tamen
263 2897 357 2964 houd
372 2900 546 2986 quisquam
562 2909 629 2964 tarn
643 2901 743 2985 longe
757 2900 864 2964 fertur
880 2918 994 2963 eorum

40 3011 65 3060 ‘o
81 3025 163 3088 quom
177 3016 327 3090 semime,
338 3036 438 3100 quam
452 3036 538 3084 vox,
548 3014 645 3077 mitto
659 3013 724 3076 inm
740 3011 852 3075 dicere
868 3031 967 3095 quam
981 3031 1036 3074 res

78 3140 149 3204 quoe
161 3125 287 3194 feriunt
301 3129 474 3194 oculorum
488 3127 576 3189 acies
592 3127 766 3209 visumque
780 3125 964 3188 lacessunt.

81 3240 274 3320 errabundus
289 3245 374 3308 enim
389 3239 487 3306 tarde
502 3240 609 3315 venit,
621 3261 661 3304 ec
675 3238 764 3325 perit
778 3245 856 3303 unte

81 3353 222 3431 pomum
235 3358 342 3424 facilis
358 3357 539 3422 distractus
553 3354 586 3427 in
602 3355 689 3419 aeris
703 3374 819 3430 ouras3

83 3469 189 3536 exalto
204 3474 347 3562 primum
361 3475 440 3557 quia
454 3472 511 3536 vix
526 3470 684 3536 emittitur
700 3490 809 3534 exre:

42 3581 68 3630 ⁵⁹⁵
82 3597 144 3647 nem
156 3590 289 3676 penitus
303 3587 406 3652 fluere
421 3595 522 3672 etque
535 3583 695 3649 recedere
710 3584 811 3650 rebus
827 3581 950 3647 odores

84 3693 230 3780 siguificat
244 3701 338 3788 quod
351 3701 460 3767 fracta
472 3700 576 3785 magis
591 3698 745 3763 redolere
761 3695 917 3762 videntur

85 3814 193 3894 omnia,
206 3815 301 3904 quod
316 3816 477 3890 contrite,
489 3811 583 3898 quod
596 3814 664 3898 igni
680 3810 927 3878 conlabefactat

85 3919 191 3996 deinde
204 3932 320 3998 videre
333 3913 412 3996 li'oet
426 3927 606 3994 maioribus
622 3948 696 3990 esse
711 3935 858 3992 creatum

86 4039 238 4135 principiis
253 4067 353 4132 quem
367 4068 452 4120 vox,
465 4042 623 4130 quoniam
639 4063 698 4127 pcr
713 4059 817 4105 saxea
830 4045 947 4124 saepta

90 4218 273 4244 x—

89 4319 128 4372 668
144 4323 185 4382 l'it
210 4330 220 4397 ΙΙ
247 4335 295 4381 677
316 4329 381 4382 elius
400 4336 427 4382 et
453 4328 463 4399 ll
490 4333 540 4380 680
559 4325 717 4395 Volturiqne
743 4325 752 4390 ll
777 4331 823 4377 tel
843 4324 975 4394 promissa
994 4327 1003 4390 Η
1023 4328 1071 4374 682
1092 4320 1169 4371 Ducit
1189 4319 1200 4386 li

92 4405 131 4455 ⁶⁹⁶
148 4411 268 4466 redolere
286 4411 297 4482 l}
316 4417 365 4466 698
384 4420 511 4466 orestem.
