2946 5188
264 509 284 574 4
822 509 836 576 l

261 679 530 767 frondiferasque
546 681 665 746 domos
680 681 788 746 avium
804 701 1008 769 camposque
1023 681 1160 746 virentis

262 797 414 860 omnibus
428 797 591 859 incutiens
605 794 764 860 blandum
779 817 839 880 per
853 803 993 881 pectora
1007 817 1153 860 amorem

199 927 230 972 20
262 909 364 974 efficis
380 919 417 974 ut
432 908 553 996 cupide
567 911 748 995 generatim
764 910 874 974 saecla
889 919 1089 995 propagent.

261 1045 347 1109 quae
363 1025 517 1109 quoniam
533 1045 644 1088 rerum
658 1032 809 1088 naturam
825 1025 897 1088 sola
911 1025 1116 1109 gubernas‚·

259 1159 321 1202 nec
337 1141 456 1202 sinete
472 1139 649 1225 quicquam
665 1137 737 1202 dias
752 1139 786 1201 in
800 1136 930 1202 luminis
946 1158 1024 1202 oras

261 1254 410 1316 exoritur
424 1273 534 1337 neque
549 1251 586 1316 fit
600 1252 723 1316 laetum
737 1273 848 1336 neque
863 1251 1001 1315 amabile
1017 1251 1214 1337 quiequam,

259 1375 292 1431 te
307 1366 430 1430 sociam
446 1364 568 1430 studeo
583 1364 769 1430 scribendis
783 1367 937 1430 versibus
953 1385 1044 1440 esse,

197 1499 228 1542 25
259 1501 344 1565 quos
360 1499 422 1564 ego
439 1479 606 1542 derorum
621 1485 742 1542 natura
755 1501 904 1564 pangere
920 1500 1025 1542 conor

259 1591 477 1656 Memmiadae
491 1599 626 1666 nostre,
639 1613 737 1678 quem
753 1601 806 1666 tu,
818 1592 899 1668 dea,
910 1599 1060 1676 tempore
1075 1594 1108 1658 in
1124 1597 1216 1658 omni

260 1707 412 1771 omnibus
428 1714 581 1771 ornatum
596 1705 731 1770 voluisti
747 1705 909 1769 excellcre
923 1707 1038 1770 rebus,

256 1843 324 1906 quo
339 1821 442 1908 magis
457 1829 627 1884 aeternum
645 1818 689 1884 da
703 1817 818 1896 dictis,
831 1818 1098 1905 diva‚leporem.

259 1935 352 1999 effice
368 1943 406 2000 ut
418 1935 548 1999 interca
561 1935 633 1997 fera
647 1956 805 1999 moenera
819 1933 942 1999 militiai

196 2065 227 2111 eo
257 2071 318 2135 per
332 2051 435 2114 maria
449 2071 489 2113 ac
502 2057 610 2114 terras
626 2050 732 2113 omnis
748 2050 858 2134 sopita
873 2048 1061 2132 quiescant:

256 2185 332 2227 nam
346 2172 383 2227 tu
398 2163 470 2228 sola
485 2173 582 2250 potes
597 2163 777 2247 tranquilla
791 2183 874 2248 paee
888 2163 1004 2226 iuvare

257 2279 423 2354 mortalis,
435 2279 592 2362 quoniam
607 2277 685 2342 belli
699 2276 770 2340 fera
783 2297 940 2341 moenera
954 2277 1091 2341 Mavors

257 2393 463 2478 armipotens
476 2392 623 2477 regit‚in
639 2392 798 2477 gremium
814 2393 870 2476 qui
886 2413 988 2477 saepe
1003 2400 1094 2456 tuum
1111 2414 1147 2454 se

257 2507 351 2570 reicit
366 2513 503 2568 aeterno
520 2504 673 2568 devictus
687 2505 824 2566 vulnere
840 2507 974 2580 ameria,

195 2635 226 2680 as
257 2593 359 2703 atque
373 2620 420 2683 ita
434 2618 636 2705 suspiciens,
648 2619 745 2684 tereti
760 2618 889 2681 cervice
903 2627 1056 2704 reposta,
1075 2605 1081 2614 ¹

255 2736 365 2819 pascit
379 2753 490 2797 amore
506 2733 640 2808 avidos,
651 2733 782 2796 inhians
797 2732 831 2794 in
847 2739 899 2808 te,
912 2731 993 2806 dea,
1004 2733 1112 2804 visus,

257 2868 341 2933 eque
358 2855 416 2910 tuo
431 2847 559 2932 pendet
572 2847 720 2932 resupini
734 2847 871 2932 spiritus
886 2867 958 2910 ore.

255 2962 345 3026 hunc
359 2970 414 3038 tu,
427 2961 521 3038 diva,
533 2971 592 3027 tuo
607 2963 822 3027 recubantem
838 2983 980 3048 corpore
996 2969 1113 3026 sancto
1186 3021 1191 3032 ,

256 3077 380 3141 circum
395 3076 470 3141 fusa
484 3097 600 3162 super,
613 3077 725 3142 suavis
739 3099 781 3139 ex
797 3099 854 3140 ore
865 3077 1029 3162 loquellas

194 3207 225 3252 40
254 3190 356 3254 funde
371 3199 490 3275 petens
505 3191 671 3277 placidam
685 3191 843 3255 Romanis
853 3239 860 3264 ‚
870 3192 1012 3266 incluta,
1023 3211 1154 3277 pacem:

254 3325 329 3368 nam
345 3326 455 3390 neque
469 3327 533 3368 nos
549 3327 648 3390 agere
662 3305 730 3367 hoc
744 3305 863 3388 patriai
879 3313 1030 3391 tempore
1045 3306 1160 3390 iniquo

254 3440 432 3504 possumus
448 3440 556 3504 aequo
573 3420 680 3483 animo
695 3439 758 3481 nec
772 3417 905 3481 Memmi
921 3417 1011 3481 clara
1025 3439 1178 3504 propago

253 3532 375 3596 talibus
389 3533 424 3596 iu
437 3534 538 3597 rebus
554 3531 717 3596 communi
732 3531 831 3596 desse
846 3532 961 3596 saluti.

764 3693 782 3730 t

192 3889 224 3935 ao
255 3870 347 3956 quod
364 3881 545 3958 superest,
562 3893 686 3937 vacuas
702 3873 790 3936 auris
805 3875 1013 3962 animumque
1028 3897 1180 3962 sagacem

254 3995 416 4050 semotum
431 4008 452 4050 a
466 3988 555 4051 curis
569 3987 691 4051 adhibe
706 4009 818 4052 veram
834 3989 878 4053 ad
892 3993 1068 4068 rationem;

255 4301 285 4347 27
305 4295 433 4349 oralatum
452 4297 463 4364 ΙΙ
482 4303 513 4348 32
532 4315 641 4352 monera
659 4301 669 4369 ll
688 4305 718 4351 33
739 4301 840 4371 regium
860 4302 885 4353 in
904 4304 1085 4372 gremiumque
1104 4303 1114 4374 Η
1132 4309 1163 4355 35
1182 4304 1252 4355 teriti
1271 4307 1329 4372 1143
1349 4300 1373 4352 id

254 4393 314 4430 esse
337 4379 347 4447 Η
371 4385 565 4446 rt-ta=u,
579 4387 737 4436 646-651.
768 4386 777 4451 l
806 4391 838 4436 ⁵0
862 4393 890 4438 ut
915 4403 1010 4438 vacuas
1034 4389 1044 4452 Η
1069 4388 1233 4456 animumque
1256 4402 1372 4456 sagacem

253 4469 361 4514 amima.
