3034 5204
642 507 851 555 susnofflo
1259 487 1301 554 15

187 655 1302 746 Nardium,MichahelemFayum,volenspraetermitmoperae

188 758 333 842 pretium
348 763 401 822 est
414 761 536 821 notare
551 755 710 822 stolidam
723 765 919 822 nostrorum
933 757 1146 844 patientiam,
1162 780 1230 843 qua
1240 777 1303 845 per

189 864 242 921 tot
262 875 389 931 anuos,
410 854 478 920 hoo
497 861 550 920 est
563 853 642 920 iude
658 875 679 920 a
695 856 772 920 1801
791 865 824 920 et
841 855 941 930 1828,
963 855 1210 940 exemplaribus
1226 879 1301 923 cor·

188 953 410 1039 ruptissimis,
431 973 576 1037 quorum
593 973 715 1040 magna
729 975 810 1038 pars
824 975 935 1040 neque
949 953 1098 1040 intellegi
1112 963 1231 1040 posset
1243 977 1301 1022 ne·

188 1073 254 1138 que
274 1053 317 1117 ab
338 1051 422 1137 ipsis
443 1049 639 1116 auctoribus
659 1049 833 1116 intellecta
850 1059 959 1128 esset,
979 1059 1151 1138 tamquam
1166 1053 1301 1137 optimis

96 1217 109 1240 ‚
187 1152 240 1216 usi
260 1150 328 1216 aiut
346 1157 450 1235 atque
464 1148 708 1235 integerrimis.
729 1150 765 1214 in
779 1171 847 1235 quo
863 1151 893 1216 si
907 1171 993 1236 quoa
1007 1147 1097 1214 forte
1111 1149 1302 1218 Eichstadii

186 1249 330 1314 nominis
341 1248 451 1336 gloria
462 1246 630 1333 quaedam
642 1247 899 1335 decepit,certe
909 1249 1174 1314 mercennariam
1182 1250 1301 1316 Forbi·
1390 1283 1395 1292 ·

186 1347 258 1431 geri
272 1367 427 1431 operam,
442 1347 478 1410 in
493 1365 561 1431 qua
574 1367 686 1431 neque
700 1347 789 1414 ratio
803 1347 874 1412 ulla
887 1355 979 1412 esset
988 1367 1099 1432 neque
1112 1345 1301 1434 diligentia,

187 1452 402 1510 contemnere
424 1443 616 1508 debebant.
638 1443 753 1528 itaque
774 1443 867 1508 volui
882 1443 1120 1509 documentum
1136 1451 1300 1525 statuere,

185 1544 306 1628 nequis
326 1542 400 1626 pari
420 1541 616 1626 arrogantia
636 1562 692 1606 res
709 1563 849 1628 magnas
864 1549 967 1628 atque
983 1541 1156 1617 difficiles,
1177 1544 1300 1628 quibus

186 1663 224 1706 se
237 1642 398 1726 imparem
412 1639 532 1716 sciret,
548 1642 721 1726 suscipere
736 1642 878 1708 auderet
890 1692 897 1706 .
908 1642 979 1731 *sed
993 1641 1115 1706 horum
1130 1643 1300 1727 pravitate

186 1740 311 1804 omissa
329 1739 409 1804 licet
431 1738 513 1803 mihi
534 1739 569 1804 in
589 1760 651 1824 spe
670 1739 761 1806 laeta
779 1748 942 1826 certaque
960 1740 1060 1805 finem
1074 1739 1187 1806 facere
1201 1762 1299 1827 prae·

184 1837 296 1914 fandi,
308 1859 377 1922 qua
387 1837 511 1902 ductus
521 1837 672 1904 futurum
683 1859 832 1928 auguror
843 1847 881 1904 ut
889 1838 1040 1904 Lucretii
1051 1859 1186 1904 carmen
1195 1839 1299 1904 inter·

185 1937 377 2022 pretatione
392 1935 545 2001 doctiore
559 1935 763 2014 illustretur,
779 1937 874 2002 euius
889 1958 965 2002 cum
977 1937 1013 2001 in
1027 1935 1172 2000 hominis
1188 1937 1299 2002 cuius·

186 2033 264 2100 dam
283 2032 411 2120 egregii
424 2033 546 2098 studiis
560 2033 745 2098 iaududum
760 2034 905 2098 maxima
918 2042 1075 2098 versatur
1090 2036 1299 2120 expectatio,

184 2141 255 2197 tum
269 2153 378 2224 nuper
392 2132 562 2217 specimen
577 2151 659 2196 sane
673 2130 881 2196 luculentum
895 2131 1062 2216 Iosephus
1073 2130 1299 2198 Reisaokerus

185 2231 282 2296 dedit
294 2231 329 2294 in
343 2230 556 2296 Lucretianis
572 2229 827 2315 quaestionibus
840 2228 981 2294 Bonnae
995 2249 1110 2292 mense
1120 2229 1299 2296 Decembri

185 2330 264 2394 anni
276 2329 355 2394 1847
366 2329 485 2394 editis.
506 2327 638 2393 interim
659 2333 723 2392 no's
738 2334 777 2390 ut
791 2327 977 2411 poterimus
991 2325 1217 2412 perpoliernus
1231 2328 1298 2394 hoc

186 2449 336 2502 carmen,

177 2552 181 2561 ·
267 2548 295 2600 1,
312 2526 344 2588 l.
363 2525 594 2590 Asarinum
616 2545 827 2588 esnnrrrx
849 2523 903 2588 adi
917 2524 1043 2608 prima,
1062 2530 1101 2589 ut
1121 2523 1204 2590 dicit
1218 2523 1299 2592 Ovi·

184 2621 261 2689 dius
279 2624 315 2688 in
333 2623 481 2688 tristium
501 2621 588 2688 libro
610 2644 651 2696 11,
667 2620 747 2686 261.
768 2622 804 2686 in
824 2642 893 2706 quo
907 2621 983 2706 ipso
999 2622 1182 2709 principio,
1204 2623 1298 2710 quod

181 2722 353 2788 Ausonius
374 2721 517 2786 inseruit
540 2719 772 2807 epigrammati
794 2719 855 2796 33,
877 2720 907 2784 is
929 2721 987 2806 qui
1009 2742 1046 2786 se
1066 2723 1298 2788 recensionem

181 2818 659 2886 Buculeio-Wakefieldianam
680 2819 777 2904 sequi
791 2818 992 2905 profitetur,
1014 2819 1136 2886 horum
1150 2828 1297 2907 utroque

183 2925 300 3006 spreto
327 2917 463 3003 scripsit
487 2917 620 2984 naviter
641 2917 822 2984 Amadum
840 2918 995 3002 pendrir.
1021 2917 1084 2983 sed
1105 2917 1240 2984 Probus
1262 2920 1297 2986 in

183 3028 258 3086 arte
270 3017 399 3084 minore
410 3039 443 3103 p.
451 3015 513 3081 249
523 3015 611 3091 Mai,
626 3016 725 3100 quasi
738 3013 828 3079 hanc
838 3015 997 3080 vocabuli
1010 3015 1154 3082 formam
1163 3037 1206 3080 ne
1217 3037 1297 3082 nos·

183 3123 238 3182 set
256 3115 413 3202 quidem,
435 3113 603 3200 quaesivit
623 3134 691 3198 qua
706 3112 750 3177 (16
765 3133 868 3178 causa
878 3114 997 3198 petitor
1010 3135 1073 3199 per
1086 3115 1099 3176 i
1113 3120 1148 3178 et
1159 3117 1298 3198 poeste

182 3238 244 3303 per
258 3241 275 3280 e
287 3215 444 3280 litteram
458 3213 685 3279 scriberetur.
706 3211 825 3277 eadem
845 3211 1000 3297 quaestio
1018 3211 1129 3276 locum
1143 3211 1249 3277 habet
1262 3213 1297 3278 in

180 3315 315 3402 pacatico
334 3321 369 3378 et
383 3314 511 3400 penitali
524 3311 580 3378 vel
590 3312 752 3396 pmitrrra.
771 3331 848 3376 narn
859 3311 1013 3396 praetulit
1028 3307 1246 3403 Charisiusp.
1255 3309 1296 3376 28

184 3431 349 3498 quaenam
368 3429 467 3476 sacra
487 3409 580 3475 dicat
596 3408 712 3474 nescio
723 3407 818 3486 ,‘nisi
831 3406 922 3474 forte
932 3409 1075 3494 parcella
1088 3410 1192 3495 τγχαῖ(
1209 3430 1296 3495 quae

182 3509 397 3597 appellantur
409 3508 446 3573 in
454 3505 714 3574 Vindobonensi
727 3506 1021 3594 grammaticorum
1037 3505 1166 3594 sylloge
1180 3507 1296 3592 p.100,

179 3609 316 3694 peciolis
340 3606 377 3672 ri
401 3629 487 3692 τγχια
511 3607 546 3671 in
567 3605 733 3692 glossario
756 3605 958 3680 Philoxeni,
985 3625 1072 3690 quae
1095 3604 1140 3669 ad
1162 3605 1296 3691 genium

182 3707 248 3770 loci
262 3713 442 3790 spectant:
459 3706 613 3789 potatione
627 3728 716 3770 caece
729 3725 790 3790 per
805 3729 821 3768 e
836 3705 908 3770 sine
923 3703 1121 3790 exceptione
1136 3703 1296 3769 scribitur

182 3805 218 3868 in
236 3803 331 3868 libris
352 3802 478 3868 saeculi
498 3803 586 3867 sexti
602 3810 636 3866 et
649 3803 897 3888 proximorum,
918 3823 1029 3886 neque
1045 3800 1141 3866 aliter
1152 3801 1296 3886 paredus

181 3903 258 3968 norb
283 3901 487 3988 exemplaria
511 3899 650 3965 meliora
673 3899 847 3976 Suetonii,
870 3899 1107 3965 Memmianum
1129 3905 1165 3964 et
1185 3899 1295 3966 Medi·

183 4021 294 4076 ceum,
307 3997 613 4074 inOctavian080;
627 4005 666 4062 ut
674 3995 715 4062 N.
724 3997 884 4072 Heinsio,
900 3997 958 4082 qui
972 3995 1018 4062 ad
1029 3994 1143 4062 Ovidii
1155 4004 1293 4064 metam.

182 4097 307 4173 111,331
330 4106 364 4163 et
384 4119 427 4164 ex
441 4097 553 4162 Ponto
568 4118 624 4170 ιιι,
638 4092 673 4169 2,
692 4093 750 4159 107
766 4091 812 4158 ad
828 4095 992 4179 peritiorem
1010 4094 1174 4180 imapipem
1195 4101 1230 4160 et
1248 4093 1295 4158 ad

178 4198 312 4280 petitine
330 4199 456 4263 nemim
472 4217 497 4261 ⁴e
517 4195 613 4260 libris
634 4191 782 4278 antiquis
802 4191 885 4258 nihil
902 4192 937 4257 in
951 4191 1097 4258 schedas
1110 4191 1294 4266 rettulerit,

179 4313 250 4358 non
269 4314 391 4381 magna
410 4293 504 4380 apud
516 4315 569 4360 me
584 4292 669 4360 fides
684 4293 746 4368 sit,
764 4313 875 4377 neque
890 4292 1043 4379 vulgaria
1055 4290 1222 4358 Macrobii
1236 4313 1293 4356 ex·

181 4393 344 4479 emplaria
362 4415 495 4469 curem,
517 4394 552 4458 in
572 4393 694 4478 quibus
716 4390 947 4457 Saturnalium
965 4413 1023 4466 111,
1039 4389 1059 4454 6
1082 4389 1155 4455 Cato
1175 4388 1294 4472 (immo

187 4491 286 4556 Varro
300 4494 335 4555 io
352 4493 442 4571 Cato)
462 4490 505 4557 (16
518 4491 634 4557 liberis
650 4489 837 4556 educandis
850 4491 1002 4575 Apollinis
1013 4489 1139 4574 penitius?
1152 4485 1293 4550 mentio·
