3034 5204
619 445 626 456 ,
657 368 707 437 vr

65 561 89 602 ru
104 543 207 628 arguit
224 549 263 607 et
279 540 447 626 liquidam
463 543 580 607 molem
596 563 799 629 camposque
813 544 985 609 natantis?

105 665 283 742 praeterea
300 657 335 721 si
348 657 421 722 vult
436 677 612 722 caveamus
626 656 769 728 fulminis
783 657 900 734 ictum,
971 647 976 658 ’

105 793 157 834 eur
172 771 324 836 dubitat
338 772 448 836 facere
462 779 501 836 ut
515 772 680 858 possimus
696 791 832 834 cernere
848 773 1006 837 missum?

105 887 127 949 si
142 909 206 951 nec
223 887 408 973 opinantis
423 893 533 952 autem
547 885 622 951 volt
635 886 822 971 opprimere
837 885 919 972 igni,

107 1023 159 1064 eur
173 1007 282 1066 tonat
299 1021 345 1064 ex
358 1001 414 1064 illa
427 1007 542 1088 parte,
553 1007 592 1066 ut
605 999 711 1066 vitare
727 1021 903 1086 queamus,

64 1130 89 1173 ur
106 1136 157 1177 eur
172 1117 347 1180 tenebras
362 1122 439 1180 ante
455 1123 489 1180 et
502 1114 653 1180 fremitus
668 1122 703 1180 et
716 1137 884 1181 murmura
898 1117 1030 1181 canuit?

108 1237 137 1292 et
151 1230 256 1294 simul
272 1230 313 1294 in
328 1231 449 1294 multas
463 1230 568 1314 partis
584 1231 641 1315 qui
656 1229 794 1294 credere
808 1231 919 1316 possis

108 1344 267 1409 mittere?
279 1366 328 1408 an
342 1344 408 1409 hoc
423 1345 512 1410 ausis
526 1366 706 1431 numquam
721 1344 925 1410 contendere
939 1345 1077 1420 factum,

109 1467 142 1521 ut
153 1459 283 1524 fierent
299 1461 387 1524 ictus
401 1482 469 1524 uno
485 1461 547 1524 sub
562 1467 712 1546 tempore
727 1459 864 1546 plures?

109 1580 139 1634 at
151 1581 301 1659 saepest
315 1595 453 1639 numero
466 1574 591 1639 factum
605 1575 743 1660 fierique
757 1583 944 1651 necessest,

64 1698 92 1742 ut
109 1695 142 1750 ut
154 1687 281 1772 pluere
297 1689 332 1752 in
347 1679 458 1753 multis
473 1681 664 1775 iegionibus
680 1697 713 1754 et
727 1689 849 1754 cadere
863 1691 991 1768 imbris,

111 1799 247 1867 fulmina
263 1804 317 1868 sic
329 1824 398 1867 uno
412 1803 483 1867 fieri
497 1805 559 1868 sub
576 1812 725 1891 tempore
740 1805 858 1869 multa.

113 1927 290 1998 postremo
308 1939 366 1981 cur
381 1924 499 1982 sancte
512 1917 611 1983 deum
625 1918 766 1984 delubra
779 1941 925 2005 suasque
1021 1923 1023 1926 ’

115 2027 253 2098 discutit
267 2032 393 2097 infesto
409 2032 597 2118 praeclaras
612 2033 747 2098 fulmine
762 2033 860 2098 sedes

116 2152 146 2207 et
158 2146 247 2211 bene
262 2148 356 2212 facta
370 2145 467 2211 deum
481 2147 605 2234 frangit
620 2147 795 2212 simulacra
809 2147 945 2231 suisque

69 2269 98 2314 ¹2¹]
116 2255 215 2326 demit
228 2263 432 2348 imaginibus
446 2261 592 2326 violento
607 2261 744 2326 volnere
758 2261 945 2325 honorem?

119 2373 249 2462 altaque
266 2399 328 2442 eur
342 2377 536 2464 plerumque
551 2375 635 2461 petit
648 2375 724 2440 loca
733 2423 741 2449 ,
751 2374 958 2460 plurimaque
973 2377 1044 2442 eius

119 2493 289 2557 montibus
302 2491 337 2554 in
352 2491 485 2555 summis
500 2490 640 2576 vestigia
655 2492 819 2556 cernimus
832 2490 941 2577 ignis?

158 2603 261 2684 Quod
278 2627 380 2692 super
395 2614 463 2681 est,
474 2605 606 2670 facilest
620 2626 662 2672 ex
677 2606 730 2671 his
745 2627 950 2692 cognoscere
963 2609 1081 2682 rebus,
1122 2693 1124 2698 Ι

122 2732 290 2800 presteras
306 2720 416 2785 Graiei
432 2741 517 2805 quos
532 2721 574 2784 ab
589 2742 626 2785 re
640 2721 893 2797 nominitarunt‚

75 2839 105 2885 ῦὸ
124 2828 153 2893 iu
166 2855 258 2900 mare
276 2856 343 2921 qua
356 2835 446 2899 missi
461 2836 597 2900 veniant
610 2837 738 2900 ratione
754 2857 913 2922 superne.

125 2965 195 3011 nam
207 2949 247 3016 fit
262 2959 302 3015 ut
314 2950 401 3014 inter
417 2948 495 3013 dum
511 2959 693 3034 tamquam
709 2948 852 3012 demissa
867 2949 1020 3013 columna

124 3057 153 3120 in
167 3083 259 3129 mare
276 3064 320 3129 de
335 3065 427 3129 caelo
444 3062 643 3139 descendat,
655 3083 754 3146 quam
768 3062 855 3126 freta
870 3062 992 3126 circum

125 3171 315 3245 fervescunt
328 3179 474 3264 graviter
489 3177 692 3264 spirantibus
707 3177 807 3242 incita
820 3176 950 3251 flabris,

127 3297 156 3350 et
170 3312 258 3376 quae
274 3313 414 3378 cumque
428 3293 462 3355 in
478 3313 518 3356 eo
533 3303 603 3357 tum
618 3292 685 3356 sint
700 3289 867 3378 deprensa
881 3291 1025 3356 tumultu

78 3407 111 3455 uu
128 3407 256 3494 navigia
269 3405 304 3471 in
318 3428 480 3471 summum
494 3407 632 3472 veniant
645 3414 767 3472 vexata
780 3405 953 3491 periclum.

128 3511 188 3582 hoc
201 3523 239 3587 fit
253 3523 311 3586 ubi
324 3523 411 3585 inter
427 3520 588 3586 dumnon
604 3521 676 3606 quit
690 3521 742 3586 vis
755 3521 858 3585 incita
872 3520 963 3584 venti

130 3648 278 3720 rumpere
293 3657 390 3720 quam
407 3636 520 3720 coepit
533 3637 672 3710 nubem,
684 3634 746 3698 sed
761 3634 932 3722 deprimit,
943 3643 982 3700 ut
996 3637 1039 3700 sit

131 3740 161 3807 iu
173 3769 263 3815 mare
278 3748 321 3814 de
336 3749 428 3814 caelo
445 3758 512 3814 tam
527 3771 625 3835 quam
641 3747 784 3814 demissa
798 3750 967 3824 columna,
1089 3727 1092 3732 Ι

132 3862 299 3940 paulatim,
312 3865 407 3950 quasi
422 3864 502 3950 quid
518 3885 631 3952 pugno
645 3864 851 3950 bracchique
866 3885 1009 3950 superne

83 3973 115 4022 ut
134 3977 279 4042 coniectu
294 3978 450 4044 trudatur
466 3987 500 4044 et
515 3978 717 4044 extendatur
731 3979 765 4042 in
779 3978 905 4054 undas3

136 4155 330 4172 *Q*

48 4295 49 4304 ,
137 4257 180 4306 ⁴06
198 4259 263 4313 vivit
280 4259 290 4328 ll
309 4266 357 4312 417
378 4259 480 4313 dilubra
499 4260 509 4326 Η
528 4265 575 4312 421
596 4261 654 4312 ioca
673 4259 684 4326 ΙΙ
701 4259 776 4329 plus.
805 4258 815 4327 ΙΙ
842 4265 891 4310 424
910 4259 975 4328 guali
995 4259 1005 4326 ΙΙ
1028 4265 1225 4311 taunucum
1244 4255 1254 4322 tl

49 4370 50 4386 t
138 4339 182 4390 428
199 4341 276 4396 lacita
294 4342 304 4410 ΙΙ
323 4347 372 4395 430
391 4343 499 4396 veniunt
