2972 5188
634 519 669 586 V
1134 524 1204 591 339

93 715 270 763 eucruu.
281 693 334 758 Ita
344 692 428 758 baec
439 691 713 778 interpungenda
724 698 803 756 sunt
814 699 933 758 contra
943 701 1088 760 mentem
1102 697 1204 763 inter-
1225 773 1232 785 ‚

90 799 247 879 protum,
270 791 326 876 qui
340 791 390 855 ita
403 799 625 876 acceperunt,
648 790 745 876 quasi
761 798 850 855 esset
865 793 1007 878 Νεᾳιιὲἀ,
1022 793 1157 881 Neqaod
1168 798 1205 861 ob

91 891 261 955 ndmiem
266 889 379 977 foede.
394 890 510 974 itaque
525 888 710 952 scribemus
724 887 838 972 potius
855 889 997 974 Nequid,
1012 892 1040 954 si
1054 912 1112 956 res
1125 914 1204 978 pos-

92 987 234 1064 tulabit;
244 987 445 1071 praesertim
457 1007 531 1049 cum
544 1007 584 1049 eo
597 983 699 1049 modo
711 985 764 1048 vel
775 986 810 1048 in
819 985 964 1069 publicis
975 987 1205 1056 instrumentis

90 1091 271 1170 peccatum
287 1105 362 1149 esse
375 1081 568 1149 videamus.
590 1091 683 1147 certe
702 1082 737 1146 in
752 1082 825 1168 lege
840 1082 925 1148 lulia
938 1085 1130 1170 inunicipali
1146 1090 1205 1154 120

90 1183 258 1268 scriptum
281 1189 334 1246 cst
354 1204 476 1269 quemve
496 1180 673 1244 kalumniae
688 1181 964 1266 praevar-icarium
978 1204 1086 1248 comeo
1100 1209 1204 1251 mous-

89 1279 325 1369 §meseonem
335 1280 417 1366 qetod
425 1281 594 1344 iudicatma
608 1290 651 1343 eet
663 1281 737 1358 erit,
751 1277 846 1363 quod
861 1277 965 1344 debet
980 1281 1206 1367 essefectbeeoe

90 1379 191 1465 qm'd:
213 1383 248 1442 et
260 1376 384 1442 ibidem
399 1377 438 1440 71
453 1401 525 1442 aeae
545 1399 650 1440 eorrtm
670 1377 771 1462 quod,
791 1375 860 1440 hoc
881 1383 934 1441 est
955 1379 1049 1463 quid,
1069 1391 1205 1466 saeptum

90 1477 268 1540 caueam
280 1475 404 1540 habeto.
424 1476 489 1540 iam
504 1473 630 1564 aliquod
642 1474 777 1538 solvendi
790 1483 906 1558 tempta
920 1473 949 1538 si
964 1472 1135 1540 diceretur
1149 1477 1204 1541 ad-

90 1575 218 1638 ductum
238 1592 331 1648 csse,
351 1571 600 1658 intellegerem:
622 1572 783 1650 adactam,
806 1569 902 1658 quod
923 1569 1005 1635 l'ecit
1023 1572 1205 1650 Marullus,

91 1691 165 1734 non
180 1671 296 1754 capio,
312 1671 390 1756 quia
404 1671 528 1756 adipere
542 1669 635 1734 aliud
651 1677 704 1734 est
719 1690 820 1754 quam
835 1667 1025 1735 adducere.
1042 1673 1205 1738 odoachar

90 1789 193 1832 nemo
208 1765 272 1832 fuit
287 1768 344 1853 qui
360 1775 527 1832 tueretur:
544 1767 601 1852 qui
612 1787 695 1831 vero
711 1765 865 1838 solvendi
880 1773 1013 1851 tempus
1028 1771 1072 1834 ad
1083 1783 1206 1836 aucam

91 1887 170 1930 esse
185 1865 343 1930 dixerunt
365 1864 419 1950 (id
434 1872 487 1930 est
502 1863 547 1929 ad
561 1864 695 1949 plenam
709 1863 936 1928 maturitatem
952 1885 1047 1930 snam
1061 1868 1204 1954 perduc·

92 1972 187 2040 tum,
208 1971 246 2028 ut
260 1963 511 2048 Wakefieldus)
535 1971 594 2028 aut
618 1985 692 2028 cum
707 1963 874 2028 Brixiensi
886 1961 1035 2028 editione
1049 1967 1093 2029 ad
1105 1979 1206 2032 actam

92 2061 150 2144 (id
166 2068 219 2126 cst
232 2062 384 2146 proxime
399 2069 478 2125 ante
493 2069 605 2124 actum
620 2081 731 2124 rerum
749 2067 783 2124 et
798 2059 871 2124 dies
885 2058 1013 2136 fastos,
1035 2069 1073 2125 ut
1092 2064 1206 2148 priore

92 2158 289 2243 eclogarum
305 2157 452 2232 editione
468 2156 655 2241 Orelbus),
677 2176 746 2220 non
763 2156 922 2220 videntur
935 2158 1125 2224 meminisse
1139 2162 1205 2248 gri-

92 2255 186 2340 phos
198 2263 233 2319 et
240 2254 484 2340 implicationes
495 2254 674 2318 verborum
687 2253 730 2318 ab
742 2253 841 2317 huius
851 2259 973 2339 poetae
984 2256 1117 2342 ingenio
1127 2259 1205 2324 alie·

90 2374 159 2417 nas
170 2373 261 2416 csse.
273 2373 354 2438 ergo
366 2353 395 2416 si
406 2352 606 2417 vocabulum
617 2351 758 2435 simplex
768 2359 802 2414 et
810 2351 859 2415 rei
868 2361 1096 2438 opportunum
1105 2376 1205 2441 quae-

91 2450 239 2516 rendum
250 2457 319 2526 εει,
333 2449 433 2524 mihi,
447 2457 486 2514 ut
500 2461 583 2514 actae
597 2451 702 2514 adsalto
714 2448 853 2524 dicitur,
868 2450 1014 2536 itemque
1027 2476 1081 2516 aer
1091 2461 1127 2518 et
1140 2478 1205 2520 aea·

92 2561 160 2624 tos,
174 2547 224 2612 ita
238 2569 305 2612 non
320 2550 428 2613 minus
439 2548 577 2636 proprie
588 2547 724 2612 videtur
735 2546 801 2611 dici
812 2568 914 2632 posse
926 2548 1101 2615 Poeaamm
1112 2573 1207 2637 praec

90 2647 228 2712 soluendi
247 2657 362 2733 tenpus
382 2667 595 2721 annerum,
617 2644 755 2730 quando
778 2651 943 2708 maumam
963 2651 998 2710 et
1017 2645 1206 2731 perfectum

93 2751 165 2808 εει.
186 2743 254 2810 boc
268 2751 379 2810 autem
395 2744 424 2809 si
436 2746 637 2830 probamus,
653 2743 789 2830 Nequod
800 2741 910 2807 locum
924 2743 1130 2822 nonhabet,
1144 2747 1207 2812 sed

94 2841 279 2916 Naoura.

182 2938 417 3004 l226 Suu1ua
433 2959 560 3001 arram
576 2959 652 3001 cun
667 2935 1205 3014 vrs.QuadratusSummetetiam.

95 3035 263 3098 Marullus
273 3035 326 3099 Su
334 3058 357 3097 u
365 3057 388 3096 ιι
396 3057 432 3097 A.
445 3055 545 3096 versu
554 3033 708 3115 proximo
719 3031 884 3116 oblongus
896 3033 1009 3095 cloacis
1018 3055 1080 3115 pro
1090 3037 1205 3101 clamis.

186 3129 273 3195 1229.
289 3151 412 3194 voris
427 3149 556 3193 enirn
572 3149 700 3190 ennon
715 3148 874 3201 QURSIT.
886 3129 1161 3196 AntoniusMarii
1173 3143 1207 3196 et

95 3227 263 3292 Marullus
274 3228 339 3290 adu
353 3248 519 3312 ncprece.
535 3224 723 3309 quadratus
729 3247 843 3309 praece
848 3273 857 3303 ,
870 3224 963 3310 quod
974 3223 1207 3310 frequentissi-

96 3347 188 3389 mum
209 3323 379 3389 scribendi
400 3345 505 3410 genus
530 3323 631 3387 estin
646 3321 740 3386 libris
754 3341 845 3385 nono
861 3321 995 3388 sacculo
1011 3324 1207 3410 antiquiori·

94 3426 180 3499 bus,
194 3429 233 3486 ut
241 3425 397 3508 praetium
405 3471 414 3502 ,
423 3444 603 3508 praemere,
612 3443 740 3506 praepes
747 3469 756 3500 ,
768 3420 874 3485 baebee
880 3469 890 3500 ‚
902 3421 1099 3486 adcoelerare
1105 3470 1115 3502 ,
1127 3423 1207 3489 Pae-

95 3524 228 3600 diauue,
243 3521 404 3606 aepulari,
420 3520 554 3594 caecidi,
569 3519 745 3606 piranello,
759 3521 960 3604 caeprecala,
974 3521 1206 3606 interpretaturi,

93 3624 233 3706 pinctus,
246 3620 410 3698 socioetm,
424 3617 504 3682 item
512 3619 664 3702 placuere,
679 3617 836 3696 athenea,
851 3617 966 3696 raeda,
987 3619 1206 3698 lamorlaiam,

95 3721 313 3804 plomanque,
329 3738 416 3802 qnae
429 3715 553 3780 indicio
565 3712 739 3778 suntbaee
750 3714 916 3779 vocabula
931 3721 1098 3798 otperto,
1115 3715 1207 3800 quod

98 3815 173 3878 Itali
185 3815 320 3900 dicunt2
335 3811 541 3899 proferenda
556 3832 646 3876 esse.
661 3811 728 3876 boc
739 3819 858 3896 aperto
870 3833 955 3875 sono
967 3813 1037 3875 ruri
1050 3812 1209 3877 dicebant

95 3925 201 3996 pretor
220 3932 288 3997 quo
308 3921 461 3995 tempore
481 3911 515 3973 in
536 3911 619 3974 urbe
635 3932 672 3972 oe
686 3909 919 3994 diphthongus
935 3908 1044 3972 audiri
1059 3907 1208 3974 nondum

101 4000 264 4074 desierat.

185 4105 703 4170 123ovsmonunsrv1nus
719 4102 1208 4169 raons.Dehocversuidem

100 4203 279 4268 dicendum
293 4211 346 4268 est
361 4204 455 4289 quod
469 4223 573 4290 supra
587 4201 656 4265 dixi
672 4199 715 4265 de
733 4201 810 4265 1031
827 4201 903 4267 libri
917 4202 1025 4265 tertii.
1047 4224 1124 4266 nam
1138 4227 1207 4266 vae-

101 4310 198 4366 torum
206 4324 302 4386 paces
316 4301 521 4387 ineptissime
533 4298 743 4366 subiciuntur
754 4300 934 4384 divompaci
941 4349 950 4380 ,
959 4321 1034 4385 ‚qua
1044 4299 1207 4384 significa·

103 4403 157 4462 tur
177 4406 299 4485 pacata
322 4397 606 4464 deorum·sedes.
630 4396 675 4462 ad
694 4399 939 4484 quaeritantem
953 4403 1066 4461 mente
1081 4393 1207 4458 adden-

105 4491 182 4558 dum
197 4501 250 4560 est
264 4517 329 4560 eos.

948 4589 1009 4654 22·
