3034 5204
675 441 725 510 VI

119 617 160 682 id
176 617 259 681 licet
272 616 352 680 hinc
367 615 465 679 ctiam
481 634 701 699 cognoscere.
718 616 858 681 caedere
873 620 900 682 si
916 642 1014 705 quem

121 731 267 817 ancipiti
282 728 399 794 videas
412 729 502 794 ferro
519 729 636 814 procul
650 731 780 796 arboris
795 741 943 807 auctum,

122 855 209 911 ante
223 844 263 909 fit
276 851 314 910 ut
328 865 446 908 cernas
460 843 561 907 ictum
577 864 676 928 quam
691 844 791 930 plage
805 868 865 931 per
880 850 969 912 auris

55 980 97 1025 uo
121 961 189 1025 det
203 958 367 1023 sonitum:
379 958 426 1022 sic
440 957 602 1043 fulgorem
618 980 752 1044 quoque
768 961 932 1027 cernimus
948 972 1026 1028 ante

122 1096 233 1161 quam
247 1067 406 1137 toiritrum
420 1072 616 1157 accipimus,
628 1073 753 1158 pariter
769 1074 825 1158 qui
839 1075 979 1141 mittitur
993 1079 1060 1164 igni

122 1211 144 1252 e
160 1187 261 1252 simili
275 1207 376 1250 causa
387 1235 394 1262 ‚
406 1207 573 1252 concursu
587 1195 686 1251 natus
702 1187 834 1252 eodem.

170 1301 250 1366 Hoc
266 1301 363 1365 etiam
377 1307 478 1386 pacto
493 1301 621 1366 volucri
634 1301 710 1366 loca
724 1302 846 1366 lumine
861 1303 992 1388 tingunt

120 1417 238 1482 nubes
254 1424 289 1480 et
302 1415 443 1479 tremulo
459 1423 641 1499 tempestas
656 1416 778 1503 impete
791 1416 902 1503 fulgit.

68 1551 101 1595 11
122 1539 252 1594 ventus
266 1530 323 1594 ubi
337 1530 461 1594 invasit
474 1529 597 1593 nubem
613 1538 647 1595 et
661 1539 814 1596 versatus
828 1532 952 1596 ibidem

123 1645 212 1709 fecit
225 1651 264 1708 ut
277 1650 355 1707 ante
371 1663 486 1708 cavam
502 1642 601 1709 docui
616 1646 820 1732 spissescere
834 1649 970 1724 nubem,

125 1757 315 1824 mobilitate
330 1779 391 1822 sua
405 1758 577 1835 fervescit3
590 1766 628 1823 ut
642 1761 752 1824 omnia
766 1770 859 1826 motu

126 1872 356 1961 percalefacta
370 1872 466 1938 tides
481 1871 676 1950 ardescere,
687 1874 843 1960 plumbea
857 1896 938 1944 vero

12 1985 13 2052 l
127 1987 228 2074 glans
244 1990 342 2052 etiam
356 1986 457 2074 longo
474 2009 575 2052 cursu
589 1989 757 2053 volvenda
772 1969 921 2054 calescit.

57 2123 102 2167 iso
129 2121 215 2188 ergo
229 2100 378 2166 fervidus
392 2100 448 2165 hic
462 2101 583 2165 nubem
598 2124 672 2165 oum
686 2103 848 2188 perscidit
862 2111 982 2178 atram,

132 2194 276 2302 dissipat
291 2214 420 2281 ardoris
436 2216 532 2300 quasi
547 2237 607 2298 per
622 2217 687 2277 vim
703 2237 862 2299 expressa
876 2224 1015 2300 repente

131 2331 275 2405 semina,
287 2351 373 2415 quae
386 2331 513 2395 faciunt
527 2329 687 2392 nictantia
700 2327 833 2413 fulgura
846 2327 1012 2392 flammae:

132 2444 213 2510 inde
227 2468 329 2509 sonus
345 2444 513 2530 sequitur,
527 2442 583 2528 qui
599 2440 727 2530 tardius
743 2441 856 2508 adlicit
871 2443 960 2508 auris

134 2581 234 2646 quam
249 2581 335 2646 quae
349 2558 549 2645 perveniunt
563 2557 735 2622 oculorum
750 2556 793 2622 ad
808 2558 931 2622 lumina
944 2567 1075 2624 nostra.

62 2693 108 2738 ise
133 2676 276 2750 scilieet,
287 2673 353 2738 hoc
370 2672 535 2737 densisfit
549 2672 692 2737 nubibus
709 2681 741 2738 et
756 2672 853 2738 simul
867 2674 933 2738 alte

135 2789 296 2854 extructis
311 2788 382 2852 aliis
398 2787 478 2851 alias
494 2809 594 2873 super
608 2787 732 2872 impete
746 2789 846 2852 miro.

65 2922 109 2966 rsa
136 2903 380 2988 contemplator
395 2903 479 2966 enim
489 2951 496 2978 ‚
508 2923 582 2966 curn
597 2901 766 2965 montibus
781 2899 979 2966 adsimulata

136 3018 248 3088 nubila
262 3018 445 3102 portabunt
458 3017 551 3080 venti
566 3023 760 3080 transversa
775 3035 835 3098 per
850 3035 967 3088 auras,

136 3141 196 3197 ant
208 3133 264 3196 ubi
279 3153 339 3218 per
353 3152 492 3217 magnos
507 3128 628 3193 montis
644 3127 811 3192 cumulata
824 3127 954 3192 videbis

136 3249 272 3335 insuper
287 3267 361 3310 esse
376 3246 446 3310 aliis
461 3243 525 3309 alia
539 3253 642 3328 atque
655 3263 797 3328 urguere
812 3263 956 3330 superne

136 3363 171 3425 in
185 3363 329 3426 statione
343 3362 454 3425 locata
469 3343 607 3444 sepultis
622 3355 771 3442 undique
786 3357 910 3434 ventis3

67 3494 112 3539 1111
137 3497 179 3541 ne
193 3476 252 3540 tibi
267 3476 309 3540 sit
323 3473 413 3540 frudi
428 3472 521 3559 quod
536 3494 599 3538 nos
613 3472 742 3537 inferne
756 3471 907 3536 videmus

137 3612 236 3676 quam
251 3591 317 3654 sint
331 3591 399 3654 lata
412 3588 515 3673 magis
531 3610 630 3673 quam
645 3609 778 3652 sursum
793 3593 946 3652 extructa
961 3585 1043 3670 quid
1058 3592 1185 3649 extent.

67 3721 115 3768 191
136 3713 207 3770 tum
221 3706 347 3792 poteris
362 3723 499 3790 magnas
513 3703 619 3766 moles
634 3722 839 3787 cognoscere
855 3721 968 3766 eornm

139 3820 382 3906 speluncasque
397 3819 452 3884 vel
464 3824 502 3881 ut
516 3817 606 3881 saxis
621 3815 836 3902 pendentibu'
852 3822 999 3880 structas

138 3955 293 4010 cernere,
308 3955 391 4020 quas
407 3933 498 3998 venti
514 3953 587 3995 cum
601 3915 800 4017 tempestate
815 3941 933 3995 coorta

139 4139 343 4149 ...—-———--

143 4255 191 4302 118
211 4249 333 4321 Ungipiti
350 4249 438 4302 videat
456 4251 466 4316 ΙΙ
489 4255 536 4302 170
554 4245 685 4317 fulgurem
705 4244 715 4314 ΙΙ
736 4250 783 4297 178
801 4248 927 4296 silescere
945 4245 955 4311 Η
977 4246 1024 4294 179
1042 4243 1164 4312 quiescit.
1190 4242 1200 4310 ΙΙ
1221 4247 1267 4293 180

137 4333 288 4406 perscindit
306 4334 316 4402 ll
337 4338 384 4387 189
403 4331 492 4386 adlicit
511 4333 521 4402 ΙΙ
542 4337 588 4384 185
607 4329 666 4383 alti.
686 4331 696 4396 ΙΙ
729 4326 880 4380 1911111111
911 4327 920 4394 ΙΙ
953 4331 999 4378 192
1019 4339 1147 4395 superna.
1179 4323 1189 4390 Η
1222 4328 1266 4374 199

139 4417 246 4471 satione
264 4417 275 4485 ΙΙ
296 4421 343 4469 198
362 4417 425 4484 11111
445 4415 557 4469 extricta

1003 4508 1068 4570 14·
