2946 5188
620 443 653 512 ll

76 625 192 706 sponte
207 640 269 684 sua
282 617 370 683 forte
385 616 583 682 offensando
597 625 636 682 ut
649 617 775 682 semina
788 638 899 682 rerum

19 753 61 799 ,060
74 732 272 800 multimodis
286 741 411 798 temere
424 732 459 796 in
474 754 605 798 cessum
618 732 809 818 frustraque
824 739 942 798 eoaeta

75 847 205 914 tandem
221 848 398 913 uoluerunt
410 869 450 913 ea
464 868 551 932 quae
565 855 731 913 eonveeta
744 855 883 932 repente

77 983 266 1048 magnarum
278 983 390 1026 rerum
402 962 521 1027 fierent
535 960 675 1027 exordia
689 982 837 1049 semper,

77 1077 172 1142 terrai
185 1076 289 1140 muris
304 1083 338 1140 et
352 1075 434 1140 eaeli
446 1075 645 1161 generisque
660 1075 877 1140 animantum.

78 1213 174 1277 quare
189 1191 291 1255 etiam
305 1197 406 1275 atque
422 1190 522 1255 etiam
535 1191 611 1256 talis
624 1189 753 1255 fateare
766 1211 906 1256 necesse
921 1199 973 1255 est

19 1325 64 1370 uss
78 1327 144 1370 esse
158 1305 244 1370 elios
259 1304 337 1370 alibi
350 1324 553 1390 congressus
566 1305 731 1378 materiai,

78 1419 178 1505 qualis
191 1419 250 1484 hie
265 1426 334 1495 est,
345 1417 444 1484 avido
460 1418 636 1504 complexu
651 1439 751 1503 quem
765 1425 858 1482 tenet
872 1419 990 1484 aether
999 1387 1016 1481 ,Ν

113 1535 295 1598 Praeterea
309 1554 383 1598 eum
396 1534 551 1597 materies
566 1540 618 1598 est
630 1533 735 1598 multa
747 1543 881 1618 parata,

80 1655 146 1712 e'unr
159 1648 257 1713 loeus
272 1655 325 1714 est
338 1655 472 1734 preste,
483 1669 547 1712 nee
560 1669 615 1712 res
629 1669 692 1712 nee
706 1668 809 1712 eausa
821 1655 972 1712 moratur

80 1763 155 1837 ulla,
164 1762 237 1848 geri
253 1760 394 1836 debent,
405 1762 440 1824 ni
457 1763 590 1838 mirum,
602 1769 637 1827 et
651 1762 786 1827 confieri
799 1783 870 1826 res.

22 1893 67 1938 rure
78 1897 158 1941 nune
172 1898 217 1941 ex
232 1875 428 1951 seminibus,
440 1876 468 1940 si
481 1884 576 1940 tenta
590 1885 643 1942 est
656 1877 754 1963 eopia
769 1883 927 1961 quantam

82 2011 268 2054 enumerare
283 1997 377 2054 aetas
391 1990 593 2056 animantum
606 2011 675 2056 non
691 1991 932 2076 quantumuis,

84 2105 149 2190 quis
164 2103 282 2169 eadem
295 2112 416 2169 natura
429 2114 559 2181 manet,
570 2126 658 2190 quae
672 2105 798 2171 semina
811 2125 922 2169 rerum

83 2219 228 2284 conicere
241 2219 277 2283 in
290 2219 366 2283 lona
380 2239 534 2305 quaeque
548 2227 650 2304 queat
663 2219 759 2284 simili
772 2218 902 2283 ratione

85 2341 174 2419 atque
187 2333 257 2398 hue
272 2341 351 2398 sunt
364 2335 516 2398 eonieeta
525 2381 532 2404 ,
542 2353 680 2398 neeesse
695 2340 747 2397 est
761 2331 941 2396 confiteare
973 2413 978 2428 Ι

29 2461 71 2507 rus
85 2469 149 2512 esse
163 2449 248 2513 alios
263 2448 334 2512 aliis
349 2455 514 2512 terrarum
527 2447 561 2512 in
576 2446 728 2534 partibus
744 2445 835 2511 orbis

87 2571 115 2626 et
127 2564 235 2627 varias
249 2562 417 2627 hominum
432 2562 541 2648 gentis
555 2568 591 2626 et
605 2561 716 2625 saecla
728 2560 888 2624 ferarum.

123 2677 195 2742 Huc
211 2675 345 2742 aceedit
358 2679 443 2740 utin
458 2697 585 2741 summa
597 2697 653 2740 res
666 2675 759 2740 nulla
772 2675 816 2741 sit
829 2696 913 2752 una,

88 2793 174 2856 unies
187 2813 276 2876 quae
290 2791 445 2877 gignatur
460 2799 495 2856 et
507 2791 605 2856 unica
617 2791 757 2874 solaque
771 2796 915 2864 creseat,
957 2797 962 2810 “

89 2905 159 2990 quin
171 2905 327 2990 aliquoiu’
341 2903 405 2969 siet
419 2906 518 2970 saecli
532 2904 763 2990 permultaque
778 2901 897 2967 eodem

35 3031 78 3078 000
90 3019 147 3084 sint
159 3040 282 3107 genere
292 3065 299 3081 .
308 3019 344 3082 in
357 3018 471 3104 primis
486 3019 680 3083 animalibus
690 3065 697 3090 ‚
707 3017 831 3080 inclute
846 3015 992 3088 Memmi,

90 3132 226 3198 invenies
241 3135 290 3197 sie
303 3132 530 3217 montivagum
544 3151 648 3218 genus
664 3151 738 3194 esse
751 3128 912 3202 ferarum,

92 3247 132 3310 sic
144 3247 312 3313 hominum
326 3245 471 3332 genitum
484 3245 630 3330 prolem,
642 3244 690 3309 sie
705 3242 849 3328 denique
863 3249 972 3308 mutas

92 3362 325 3448 squamigerum
340 3359 488 3446 pecudes
504 3367 538 3425 et
552 3379 697 3445 corpora
711 3366 832 3423 aurata
845 3357 1031 3422 volantum.

94 3495 151 3557 qua
164 3483 304 3563 propter
319 3475 446 3564 eaelum
459 3474 555 3538 simili
568 3473 698 3538 ratione
711 3471 934 3548 fatendumst,

38 3597 82 3644 lus
95 3595 271 3676 terramque
287 3597 321 3653 et
335 3589 455 3664 solem,
466 3589 577 3652 lunam
586 3635 594 3663 ‚
604 3609 695 3652 mare
706 3595 834 3662 ,uetera
849 3605 934 3671 quae
949 3593 1042 3660 sunt,

94 3723 153 3766 nen
167 3725 240 3769 esse
254 3703 368 3779 unica,
379 3702 440 3767 sed
454 3723 592 3767 numero
607 3701 711 3788 magis
724 3699 936 3776 innumerali3

95 3816 355 3903 quandoquidem
368 3818 456 3883 vitae
472 3815 634 3902 depactus
649 3815 809 3881 terminus
824 3814 891 3878 alte

98 4015 284 4026 ’‘q—.—

101 4129 155 4177 1059
172 4135 201 4180 ut
217 4136 349 4182 omissum.
369 4129 379 4196 ΙΙ
399 4135 462 4181 1001
478 4128 599 4182 colerunt
618 4127 628 4195 ll
646 4126 766 4178 coniecta
784 4127 794 4194 ΙΙ
814 4131 878 4178 1000
893 4141 925 4177 ex
938 4122 1031 4177 ordine
1049 4124 1060 4192 ΙΙ
1080 4129 1144 4176 1070
1157 4131 1184 4175 et
1202 4125 1212 4192 ll

100 4211 156 4259 1077
173 4208 222 4262 Vis
246 4213 256 4280 ΙΙ
281 4215 345 4264 1073
365 4227 482 4282 quaeque
500 4219 527 4264 at
551 4211 562 4280 ΙΙ
586 4215 651 4263 1078
669 4209 812 4278 gignantur
836 4208 847 4278 ll
872 4213 936 4262 1079
955 4206 1093 4278 aliquoius
1116 4206 1127 4274 ΙΙ
1147 4211 1212 4258 1080

100 4287 174 4344 iudice
191 4301 290 4347 mente.
309 4293 320 4362 ΙΙ
342 4299 404 4346 1081
424 4292 563 4346 Invenisse
581 4291 592 4361 ΙΙ
611 4297 675 4345 1087
694 4291 825 4362 geminem
