2946 5188
619 445 651 513 11

81 621 195 708 pabula
208 641 283 685 cum
298 619 455 706 praebet,
468 618 589 703 quibus
605 639 719 683 omnes
734 639 878 705 corpora
893 626 1036 704 pascunt

82 745 112 800 et
125 734 250 799 dulcem
265 732 395 798 ducunt
407 733 509 798 vitam
523 733 720 820 prolemque
735 742 941 819 propagant3

83 856 294 935 quapropter
308 848 426 912 merito
440 855 625 911 maternum
638 869 760 912 nomen
775 846 899 933 adepta
913 855 979 912 est.

83 953 162 1027 cedit
176 962 254 1028 item
268 969 377 1038 retro,
389 960 431 1026 de
447 970 537 1028 terra
552 960 646 1047 quod
659 961 723 1026 fuit
736 969 828 1037 ante,

19 1096 68 1140 1000
80 1079 110 1142 in
122 1087 244 1154 terras,
260 1085 293 1141 et
308 1075 401 1162 quod
414 1077 582 1141 missumst
597 1097 639 1140 ex
653 1075 799 1140 aetheris
814 1076 896 1152 brie,

81 1191 113 1256 id
125 1213 253 1256 rursum
268 1192 350 1256 caeli
362 1190 517 1255 rellatum
530 1191 655 1277 templa
668 1197 860 1275 receptant.

82 1327 138 1368 nee
152 1305 199 1369 sic
213 1305 379 1370 interemit
391 1327 483 1369 mors
497 1325 568 1380 res,
581 1312 619 1369 ut
632 1304 781 1369 materiai

83 1440 219 1504 corpora
234 1419 403 1496 conficiat,
417 1417 481 1483 sed
495 1426 627 1484 coetum
642 1418 796 1504 dissupat
810 1419 898 1482 ollis:

82 1531 152 1597 inde
166 1532 236 1598 aliis
251 1531 344 1596 aliud
358 1535 567 1619 coniungitur
578 1582 586 1608 ,
596 1541 629 1597 et
641 1523 680 1598 fit
693 1541 732 1597 ut
745 1515 860 1597 omnes

23 1665 68 1707 1005
81 1669 128 1710 res
142 1649 188 1712 ita
201 1653 403 1712 convertant
415 1646 539 1712 formas
552 1655 749 1732 mutentque
764 1647 895 1712 colores

82 1770 110 1826 et
122 1762 253 1848 capiant
267 1783 386 1826 sensus
402 1769 436 1826 et
449 1769 575 1848 puncto
590 1770 741 1848 tempore
756 1760 915 1836 reddant,

82 1885 114 1939 ut
126 1897 244 1940 noscas
259 1875 386 1940 referre
401 1875 517 1940 eadem
531 1873 714 1962 primordia
727 1896 836 1956 rerum

83 2011 147 2052 cum
163 1991 282 2075 quibus
298 1999 333 2054 et
346 1991 435 2076 quali
450 1991 602 2076 positura
617 1989 852 2054 contineantur

84 2111 113 2166 et
126 2125 208 2188 quos
222 2105 311 2168 inter
326 2125 362 2168 se
378 2103 460 2169 dent
472 2113 583 2169 motus
598 2103 844 2190 accipiantque,

26 2231 70 2276 1010
82 2238 155 2281 neve
169 2225 269 2304 putes
283 2225 421 2282 aeterna
435 2240 539 2304 penes
554 2217 701 2282 residere
717 2225 852 2304 potesse

85 2353 218 2416 corpora
231 2333 354 2419 prima,
366 2331 459 2418 quod
473 2332 507 2396 iu
523 2333 651 2396 cunctis
666 2331 796 2396 fluitare
811 2327 961 2395 videmus

84 2447 174 2511 rebus
188 2455 223 2511 et
236 2447 322 2512 inter
338 2446 418 2511 dum
431 2448 524 2510 nasci
537 2445 857 2541 subitoquolperire.

119 2547 223 2644 [Quin
237 2562 336 2626 etiam
350 2561 455 2625 refert
467 2561 590 2625 nostris
604 2561 638 2624 in
653 2559 804 2625 versibus
817 2559 899 2644 ipsis

85 2695 147 2738 cum
162 2677 282 2761 quibus
297 2687 332 2741 et
346 2675 436 2761 quali
450 2676 516 2741 sint
530 2673 648 2742 ordine
662 2695 816 2760 quaeque
830 2673 955 2739 locata.

30 2801 72 2846 1010
85 2790 108 2851 si
120 2811 184 2854 non
199 2791 582 2866 omniasunt,at1nulto
597 2790 831 2872 maximopere
847 2796 900 2852 est

86 2905 270 2970 consimilis:
281 2925 397 2969 verum
412 2905 565 2990 positura
579 2903 800 2990 discrepitant
813 2923 884 2966 res.

86 3017 125 3080 sic
137 3019 216 3106 ipsis
231 3020 265 3083 in
279 3020 381 3084 rebus
395 3020 474 3082 item
488 3020 554 3082 iam
568 3017 717 3080 materiai

32 3142 71 3189 000
85 3153 257 3198 concursus
271 3141 381 3197 motus
397 3130 483 3196 ordo
498 3131 651 3216 positura
664 3131 790 3216 figurae

87 3267 150 3310 cum
163 3255 411 3334 permutantur,
422 3247 543 3310 mutari
557 3265 612 3309 res
628 3265 764 3330 quoque
779 3242 918 3309 debent.

120 3361 214 3426 Nunc
230 3362 373 3426 animum
387 3361 484 3426 uobis
500 3359 623 3424 adhibe
638 3380 752 3424 veram
767 3356 812 3422 ad
825 3360 1004 3424 rationem.

85 3495 151 3538 nam
164 3477 223 3541 tibi
239 3483 410 3540 vementer
423 3497 513 3540 nova
525 3495 581 3538 res
595 3475 729 3538 molitur
743 3472 787 3536 ad
803 3473 895 3536 auris'

33 3597 73 3644 10:¹0
86 3590 227 3656 accidere
243 3599 277 3656 et
291 3611 380 3655 nova
393 3611 429 3653 se
444 3589 573 3676 species
590 3587 771 3653 ostendere
784 3610 910 3651 rerum.

86 3702 137 3765 sed
150 3727 259 3791 neque
275 3713 342 3769 tam
355 3703 461 3770 facilis
474 3725 528 3768 res
543 3703 611 3768 ulla
626 3711 692 3779 est,
705 3703 785 3787 quin
800 3723 840 3766 ea
854 3703 994 3788 primum

87 3814 216 3883 difficilis
230 3820 335 3904 magis
350 3817 395 3882 ad
410 3815 615 3882 credendum
629 3824 777 3892 constet,
788 3817 934 3902 itemque

90 4001 279 4014 ····-----.---

88 4081 130 4131 000
146 4079 268 4154 adempta
296 4083 306 4150 11
336 4087 399 4134 1000
422 4083 518 4136 missus
545 4081 555 4150 11
584 4085 647 4133 1002
666 4087 756 4131 utres
784 4079 795 4146 11
824 4083 888 4131 1001
913 4078 1049 4146 coniungit
1074 4083 1101 4130 et
1125 4075 1206 4129 efficit

90 4177 185 4217 ⁰mnes.
213 4167 223 4234 11
253 4170 318 4217 1007
342 4181 431 4217 earruu
458 4165 468 4234 11
497 4171 559 4217 1011
586 4163 695 4216 summis
722 4160 732 4229 11
763 4167 826 4213 1015
845 4166 991 4224 =1,820.
1019 4159 1029 4230 11
1061 4166 1125 4213 1016
1143 4159 1205 4229 Sig-

90 4244 185 4300 nificant
203 4247 296 4300 eadem
315 4247 405 4318 fruges
424 4247 532 4301 arbusta
549 4247 703 4299 animantis.
729 4243 739 4312 11
769 4251 832 4296 1017
851 4244 904 4296 sint
928 4243 938 4313 11
962 4261 1010 4313 par
1037 4245 1047 4313 11
1077 4240 1204 4296 1020110·

90 4329 190 4383 tertulla
206 4331 263 4383 rias
281 4347 399 4401 conexus
418 4330 537 4401 pondera
555 4329 677 4401 plagaes.
701 4327 711 4396 11
738 4333 802 4380 1023
821 4325 991 4382 adhibueram
1009 4323 1020 4394 11
1042 4332 1106 4378 1024
1125 4321 1204 4375 vehe-

90 4419 181 4464 mentes
199 4411 209 4482 11
231 4420 295 4468 1025
314 4412 454 4468 Accedere
