2970 5268
252 457 321 524 134
781 457 845 525 1111

249 651 349 694 unam
364 649 438 692 cum
451 628 595 692 iaceres:
606 631 653 693 ita
667 629 770 694 colles
785 629 924 694 collibus
939 631 1002 716 ipsi

249 744 353 807 verba
367 743 577 828 repulsantes
592 744 758 808 iterabant
772 743 874 808 docta
889 743 1020 808 referri.

179 875 227 921 550
249 835 333 922 haec
347 859 423 922 loca
438 855 635 944 capripedes
651 867 785 945 satyros
800 859 1033 946 nymphasque
1050 867 1162 924 tenere

250 973 378 1037 finitimi
391 972 537 1058 fingunt,
550 980 584 1036 et
597 971 718 1036 faunos
734 995 808 1038 esse
823 974 993 1048 locuntur,

253 1109 395 1172 qnorum
409 1087 587 1172 noctivago
603 1089 747 1172 strepitu
761 1087 910 1172 ludoque
924 1089 1047 1152 iocanti

253 1200 429 1266 adfirmant
443 1202 544 1286 volgo
560 1203 727 1266 taciturna
740 1201 870 1267 silentia
884 1203 1007 1288 rumpi,

253 1316 521 1401 chordarumque
537 1338 642 1380 sonos
655 1317 743 1392 ficri,
757 1314 931 1402 dulcisque
946 1318 1126 1402 querellas,

182 1448 229 1492 505
251 1430 333 1495 tibia
348 1452 432 1516 quas
446 1429 557 1494 fundit
571 1429 683 1516 digitis
699 1431 833 1518 pulsata
848 1441 1039 1502 canentum,

254 1553 288 1609 ct
302 1565 407 1630 genus
424 1545 603 1630 agricolum
617 1546 685 1609 late
699 1547 897 1620 sentiscere,
910 1568 1010 1631 quom
1025 1545 1097 1611 Pan

232 1637 233 1642 ἵ
254 1661 353 1744 pinca
366 1659 508 1723 semiferi
525 1660 643 1744 capitis
658 1659 820 1723 velamina
834 1681 998 1745 quassans

254 1795 342 1837 unco
359 1794 459 1858 saepe
475 1773 568 1836 labro
585 1774 727 1838 calamos
743 1755 909 1857 percurrit
922 1774 1060 1847 hiantia,

253 1887 364 1952 fistula
379 1888 564 1952 silvestrem
579 1909 621 1950 ne
637 1897 748 1952 cesset
763 1887 903 1952 fundere
918 1909 1061 1952 musam.

185 2018 234 2065 500
256 2011 369 2066 cetera
384 2001 427 2065 de
442 2023 564 2087 genere
579 2002 645 2066 hoc
660 2013 811 2066 monstra
825 2023 864 2066 ac
878 1991 1039 2087 portenta
1054 2004 1250 2088 loquontur,

257 2138 298 2180 ne
313 2117 388 2181 loca
404 2116 539 2180 deserta
553 2118 594 2181 ab
610 2115 697 2182 divis
712 2138 847 2202 quoque
862 2116 949 2181 forte
965 2127 1126 2202 putentur

257 2232 330 2296 sola
342 2240 457 2296 tencre
467 2281 474 2295 .
486 2231 562 2295 ideo
577 2233 703 2296 iactant
717 2232 876 2296 miracula
890 2230 1003 2306 dictis,

256 2355 314 2411 aut
329 2347 440 2433 aliqua
454 2348 583 2411 ratione
598 2347 662 2410 alia
676 2345 862 2422 ducuntur,
873 2354 910 2410 ut
925 2366 1022 2410 omne

256 2460 436 2525 humanum
450 2483 556 2546 genus
571 2469 623 2526 est
637 2460 770 2525 avidum
785 2461 871 2525 nimi’
885 2461 1110 2526 miraclorum.

186 2590 233 2636 505
299 2574 399 2654 Quod
415 2597 515 2661 super
531 2585 598 2648 est,
611 2597 678 2639 non
695 2585 748 2638 est
762 2574 947 2638 mirandum
962 2597 1029 2660 qua
1043 2577 1187 2646 ratione,

256 2710 317 2774 per
331 2689 406 2753 loca
421 2711 507 2773 quae
521 2698 694 2774 nequeunt
707 2690 795 2754 oculi
809 2711 863 2754 res
879 2711 1016 2754 cernere
1030 2699 1181 2776 apertas,

256 2801 342 2867 haec
356 2804 431 2867 loca
445 2825 506 2890 per
521 2826 622 2867 voces
637 2805 772 2868 veniant
787 2804 943 2889 aurisque
957 2804 1142 2880 lacessant,

258 2919 470 3004 conloquium
486 2918 607 2984 clausis
620 2919 750 2984 foribus
766 2940 902 3004 quoque
917 2941 1019 3007 saepe
1033 2921 1090 2984 ubi
1106 2919 1237 2990 demum

257 3035 291 3096 ni
305 3035 440 3110 mirum,
452 3035 529 3120 quia
542 3058 610 3098 vox
626 3057 685 3122 per
699 3035 787 3098 ssexa
800 3034 963 3098 foramina
977 3056 1086 3098 rerum

185 3166 234 3211 000
256 3148 429 3214 incolumis
444 3151 586 3214 transire
601 3159 730 3234 potest,
742 3151 919 3214 simulacra
933 3157 1106 3214 renutant:

257 3264 517 3348 perscinduntur
533 3267 634 3336 anim,
646 3266 708 3328 nisi
723 3273 816 3328 recta
830 3263 991 3327 foramina
1005 3271 1156 3332 tranant,

259 3378 369 3462 qualia
384 3387 463 3456 sunt
476 3379 572 3440 vitrei
582 3387 590 3451 ;
602 3378 731 3460 species
747 3397 814 3458 qua
829 3377 975 3439 travolat
989 3375 1108 3439 omnis.

258 3499 434 3578 praeterea
448 3490 553 3574 partis
568 3491 601 3552 in
617 3499 756 3552 cunctas
772 3486 932 3552 dividitur
948 3511 1030 3561 vox,

259 3627 299 3668 ex
315 3605 387 3668 aliis
402 3605 485 3667 aliae
501 3603 655 3687 quoniam
671 3603 870 3688 gignuntur,
882 3604 938 3667 ubi
953 3623 1021 3668 una

187 3737 235 3782 505
260 3717 520 3814 dissiluit'semel
533 3717 567 3780 in
582 3717 701 3780 multas
718 3727 852 3792 exorta,
865 3719 960 3803 quasi
973 3719 1060 3804 ignis

260 3855 361 3919 saepe
377 3832 464 3897 solet
479 3832 621 3898 scintilla
635 3854 717 3896 suos
732 3855 768 3896 se
784 3854 943 3920 spargere
958 3837 990 3896 in
1005 3833 1104 3918 ignia.

262 3969 341 4035 ergo
356 3948 528 4036 replentur
543 3948 618 4012 loca
632 3948 788 4022 vocibus,
800 3947 915 4013 abdita
929 3957 1021 4012 retro

263 4271 312 4316 579
331 4263 401 4316 dicta
431 4264 441 4330 ll
472 4271 516 4316 tal
539 4263 631 4316 l'aunos
659 4265 669 4332 ll
697 4272 745 4316 592
765 4262 873 4315 locanti.
902 4261 911 4329 ll
940 4267 986 4312 597
1006 4259 1130 4313 ullarnina
1158 4261 1167 4326 lt
1195 4257 1392 4324 5901'ctercll

264 4354 312 4400 594
331 4347 518 4400 auricularum.
538 4349 549 4416 ll
570 4353 618 4400 598
637 4364 718 4416 saepe
736 4345 868 4399 videmus.
887 4345 896 4411 ΙΙ
917 4349 966 4396 699
984 4352 1140 4396 renuntant.
1168 4343 1179 4410 li
1200 4347 1248 4394 609
1268 4353 1364 4396 cuncta
1383 4343 1393 4408 Ι’

264 4439 311 4484 cot
332 4432 422 4484 ubine.
