2990 5202
288 499 356 570 166
817 495 866 577 111

287 675 462 762 glossariis
476 673 580 749 Maii,
598 681 693 738 tomo
707 679 806 737 sexto
822 679 998 737 suetorum
1013 669 1232 736 elassioorum
1245 692 1280 756 p.
1290 670 1356 736 506
1371 679 1407 735 et

287 782 381 837 tomo
395 793 444 837 vn
456 793 488 858 p.
498 772 555 838 551
568 820 575 848 ‚
587 772 646 838 ubi
660 778 714 836 est
728 793 801 836 omo
815 771 887 834 sive
902 791 1022 846 maora,
1034 771 1099 834 aab
1111 781 1280 834 noemma.

371 870 442 935 991.
471 869 609 950 Usuur
642 891 749 937 nuso
781 891 899 934 rarus
931 889 1003 933 sss
1035 891 1077 933 ιιι
1110 889 1232 934 rosis
1264 889 1404 931 num

289 989 472 1045 crunno,
502 967 622 1049 Quen
650 987 884 1032 ruinosam
907 987 1166 1031 ssnrrsonnr
1189 987 1405 1031 concussa

289 1085 442 1144 arins,
465 1065 625 1132 Srnmr
648 1086 903 1132 corronrsns
924 1085 1100 1131 nosrsrs
1122 1085 1304 1129 rnnrxra
1328 1085 1406 1127 rsa

289 1185 433 1230 nurus.
445 1163 574 1232 Verum
586 1165 740 1230 ordinem
749 1185 907 1230 versuum
918 1162 1085 1228 Marullus
1095 1162 1263 1228 restituit:
1282 1183 1405 1228 ornn-

230 1275 239 1285 ·
287 1285 368 1327 uun
380 1271 474 1330 reete
489 1264 586 1332 dedit
598 1264 788 1330 Aventius.
811 1261 872 1328 sed
893 1262 928 1326 in
942 1262 1106 1348 proximis
1125 1311 1133 1338 ‚
1156 1281 1244 1348 quse
1258 1261 1340 1326 libri
1354 1261 1405 1324 ita

288 1362 418 1448 scripta
431 1362 576 1439 habent,

371 1460 518 1526 391121
541 1481 718 1540 ounnrrs
740 1477 1286 1524 1nrrsvnnnrsrunrrasr1a
1307 1479 1403 1522 ros·

288 1577 384 1621 srsr
400 1556 673 1624 Consonsaae
692 1605 701 1634 ‚
723 1557 846 1622 horum
860 1565 1004 1643 uterque
1019 1556 1127 1622 edidit
1143 1555 1293 1643 thstum
1307 1555 1402 1619 intest

288 1655 378 1718 uallis
398 1659 509 1737 mutis,
525 1677 590 1721 neo
609 1655 696 1720 mele
710 1653 944 1720 Wakefieldus
959 1655 1003 1722 Et
1022 1656 1114 1720 turstir
1133 1653 1300 1718 intervallis
1314 1702 1324 1716 .
1338 1652 1404 1718 sed

288 1750 435 1817 fortasse
455 1753 569 1818 verius
590 1751 693 1818 fuerit
707 1754 752 1818 Et
764 1775 872 1829 ouen
887 1776 929 1818 ιιι
944 1775 1011 1818 rus
1032 1753 1198 1818 imaeue
1213 1799 1220 1814 .
1236 1752 1287 1816 ita
1307 1752 1345 1816 in
1366 1775 1402 1832 u,

292 1849 352 1914 106
378 1852 528 1916 dissiliunt
555 1855 643 1938 torpe
664 1852 810 1938 toupeqae
831 1861 992 1917 recursant
1012 1851 1051 1916 In
1070 1851 1191 1936 mopsus
1214 1851 1402 1914 interuallis.

288 1945 511 2036 Forbigerum
532 1951 642 2026 enim,
663 1950 721 2034 qui
742 1949 868 2034 probet
883 1949 927 2015 Et
939 1949 1083 2037 pratu,
1105 1967 1257 2013 seorsum
1279 1948 1323 2013 ab
1338 1947 1401 2012 bn·

289 2065 387 2111 mana
407 2049 540 2114 ratione
561 2049 688 2114 sentire
709 2048 847 2114 sinimus
869 2098 876 2113 .
899 2047 993 2134 quod
1014 2053 1126 2112 antem
1149 2053 1252 2134 poeta
1272 2047 1402 2112 semina

289 2147 418 2212 animae
433 2150 594 2213 tuditantia
608 2147 721 2214 collidi
736 2169 776 2214 au
792 2146 938 2212 dissilire
953 2145 1053 2222 dioit,
1063 2145 1232 2211 vocabulo
1242 2145 1400 2210 Enniano

288 2245 414 2322 utitur,
430 2269 498 2333 quo
512 2247 761 2314 festinationem
773 2295 781 2324 ,
791 2247 856 2311 nisi
870 2243 972 2310 fallor
980 2293 989 2325 ,
1001 2252 1037 2310 et
1051 2245 1267 2310 erebritatem
1283 2243 1400 2330 plaga-

288 2365 363 2408 rum
376 2345 543 2432 significat
562 2396 569 2411 .
593 2346 637 2411 de
650 2348 717 2412 hoo
733 2365 820 2432 quae
834 2345 957 2411 Festus
970 2345 1077 2410 habet
1090 2365 1122 2430 p.
1132 2341 1193 2407 352
1207 2343 1292 2407 setis
1306 2353 1400 2408 recte

288 2463 310 2506 s
330 2442 478 2507 Mertino
499 2443 640 2509 Hertzio
661 2447 696 2509 in
717 2445 804 2510 libro
827 2465 926 2530 quem
949 2441 992 2507 de
1014 2442 1138 2508 Cinolis
1158 2443 1297 2527 scripsit
1314 2465 1349 2529 p.
1361 2443 1400 2506 50

290 2542 475 2605 constituta
496 2549 577 2606 sunt
597 2543 633 2606 iu
653 2541 745 2606 huno
762 2542 917 2624 modpm.
933 2542 1108 2606 Tuditanus
1123 2541 1278 2604 meumes
1288 2541 1399 2627 [aepo-

288 2638 363 2699 tiam
377 2685 385 2715 ,
408 2640 443 2702 td
455 2651 498 2703 ert
510 2641 651 2725 replentes
668 2687 677 2718 ,
704 2641 879 2728 sipns'stoure
892 2641 937 2704 uit
953 2639 1075 2705 Cirrdue
1085 2639 1149 2724 [de
1162 2639 1258 2704 uubis
1266 2641 1398 2724 priscis

290 2733 429 2819 EaJm'as
443 2739 496 2800 ῐ.ιι
506 2737 594 2802 Haeo
606 2739 685 2800 inter
698 2759 731 2801 se
744 2747 836 2800 totam
847 2783 1040 2802 .........
1051 2737 1399 2802 traditontar.etLuor-e-

255 2869 259 2876 ·
289 2833 348 2896 uu
360 2835 431 2898 item
445 2837 523 2900 libro
538 2859 563 2901 11
579 2833 697 2922 (1142)
712 2835 782 2901 Neo
793 2835 993 2921 [tuditantia]
1004 2859 1069 2900 rem
1084 2847 1200 2902 cesenat
1213 2837 1399 2901 curreremus

289 2931 402 2995 nattam.

371 3029 441 3096 396.
460 3031 518 3097 Er
539 3055 670 3100 urnis
690 3057 764 3099 nsr
784 3054 938 3097 smnus
956 3081 962 3096 .
984 3031 1052 3096 Hie
1064 3053 1184 3096 versus
1200 3039 1234 3098 et
1250 3032 1309 3117 qui
1324 3053 1395 3097 eum

288 3135 449 3192 secuntur
463 3133 581 3218 viginti
597 3153 639 3196 ex
653 3131 825 3220 prioribus
840 3151 909 3194 non
925 3130 1008 3194 satis
1023 3129 1095 3216 apti
1108 3136 1205 3193 sunt:
1220 3129 1283 3193 sed
1297 3128 1398 3194 iidem

288 3223 318 3287 si
337 3227 452 3288 versui
473 3227 534 3291 349
555 3231 716 3293 continuo
739 3228 973 3304 subiciantur,
995 3228 1107 3291 omnia
1129 3225 1396 3292 commodissime

288 3321 477 3406 procedent
493 3370 500 3384 .
524 3344 591 3405 qua
605 3333 746 3408 propter
759 3327 808 3390 ita
823 3325 932 3390 sentio
948 3371 956 3403 ,
972 3331 1108 3412 poetam
1123 3345 1265 3412 eaquae
1279 3325 1334 3390 his
1348 3327 1397 3390 in·

289 3418 432 3482 terioota
446 3427 545 3494 sunt,
561 3421 683 3503 quibus
696 3423 835 3488 aliorum
847 3425 1129 3512 philosophorum
1143 3424 1332 3489 sententies
1346 3447 1395 3490 re·
1468 3417 1471 3426 '

288 3512 395 3589 futat,
407 3515 585 3599 scripsisse
599 3516 751 3599 quidem,
764 3521 826 3584 sed
839 3543 949 3608 neque
965 3522 1085 3587 eodem
1099 3531 1272 3609 tempore,
1286 3545 1396 3610 neque

289 3632 330 3676 eo
352 3613 493 3676 oonsilio
515 3619 553 3676 nt
572 3611 641 3676 boo
663 3613 739 3677 loeo
761 3629 1030 3700 reponerentur.
1046 3621 1256 3686 huiusmodi
1271 3622 1396 3708 aliquid

289 3713 442 3778 evenisse
452 3711 597 3778 vidimus
612 3713 646 3775 in
661 3712 748 3778 libro
763 3737 799 3789 11,
810 3715 868 3781 165
883 3727 919 3783 et
932 3719 1011 3796 522,
1021 3721 1102 3785 item
1116 3720 1211 3796 1013,
1222 3721 1397 3808 multoque

226 3842 228 3848 ·
288 3810 387 3894 plura
401 3833 444 3876 ex
460 3812 579 3879 eodem
593 3831 718 3899 genere
730 3811 766 3876 in
776 3805 903 3898 ¹quarto
918 3823 953 3882 et
967 3819 1086 3904 quinto
1097 3819 1307 3896 notabimus,
1317 3821 1395 3885 item

290 3908 402 3994 alique
415 3911 451 3975 iu
465 3918 564 3976 sexto
577 3958 585 3974 .

372 4008 442 4072 399.
457 4031 634 4074 rxrorun
649 4029 830 4073 ruerus.
846 4007 1030 4076 Correotor
1044 4014 1182 4100 oblongi
1196 4037 1394 4080 sxrounn.

372 4105 443 4169 400.
464 4129 609 4172 resine
632 4129 876 4172 snrscsurr.
898 4107 1094 4189 Quadratus
1115 4113 1394 4178 ediscederitsble·

290 4203 395 4267 rullus
409 4225 457 4267 ιιι
471 4205 612 4270 discedit.
627 4205 858 4270 Wakefieldns
872 4207 988 4293 inepte
1001 4208 1123 4274 ludens
1128 4209 1225 4298 sarad
1237 4223 1283 4293 εἰς
1297 4234 1393 4297 quem

289 4302 397 4365 lusum
411 4300 502 4366 ferre
515 4324 651 4388 possem
661 4353 668 4380 ‚
679 4304 708 4369 si
719 4305 898 4370 occasione
910 4307 1026 4372 oblata
1036 4331 1171 4374 versum
1181 4309 1312 4374 Afranii
1324 4332 1393 4376 oor·

287 4401 455 4477 rexisset,
476 4401 533 4486 qui
549 4411 644 4467 extat
658 4403 749 4488 apud
764 4401 911 4469 Nonium
924 4427 957 4491 p.
972 4406 1090 4483 111,22
1109 4456 1116 4472 .
1140 4409 1171 4472 ei
1185 4407 1393 4472 adiciendum

289 4507 342 4563 est
357 4523 420 4564 rena
436 4507 516 4588 post
521 4501 644 4588 femina
656 4551 664 4582 ,
680 4501 748 4566 hoc
762 4501 865 4567 modo
878 4553 886 4579 ,
903 4503 1092 4593 Hurttso'cut
1100 4555 1109 4585 ‚
1125 4517 1159 4571 ut
1172 4507 1215 4572 ait
1230 4507 1392 4579 Pausanias,
