2946 5188
260 469 302 536 12
669 449 829 536 '1

94 729 96 736 y
183 659 231 704 2⁷5
254 641 430 727 silvifragis
446 649 547 704 vexat
561 639 673 706 flabris
683 665 691 705 ι
701 642 749 706 ita
763 641 904 728 perfurit
918 641 986 704 acri

255 777 329 820 cum
343 755 477 820 fremitu
491 757 665 840 saevitque
679 757 798 821 minaci
812 777 978 820 murmure
992 763 1129 820 ventus.

256 877 336 936 sunt
348 870 552 956 igituryeuti
561 918 569 944 ,
579 871 613 934 ni
628 871 762 946 mirum,
774 893 918 958 corpora
933 891 1048 944 caeca,

226 1051 234 1062 ,
256 1005 342 1071 quae
356 1005 463 1060 mare,
476 1006 562 1070 quae
576 993 701 1061 terras,
713 1007 799 1071 quae
814 984 958 1070 denique
972 985 1086 1048 nubila
1100 985 1181 1050 caeli

255 1107 395 1164 verrunt
409 1121 448 1164 ac
463 1101 574 1164 subito
588 1101 745 1164 vexantia
762 1100 894 1165 turbine
908 1107 1059 1186 raptant,

182 1230 230 1277 280
251 1193 314 1278 nec
328 1215 458 1280 ratione
470 1214 579 1279 fluunt
592 1215 656 1281 alia
669 1223 882 1302 stragemque
897 1225 1100 1300 propagant.

256 1338 291 1393 et
305 1351 379 1394 cum
393 1330 502 1394 mollis
516 1351 623 1415 aquae
638 1329 744 1396 fertur
758 1337 880 1396 natura
893 1335 1031 1414 repente

255 1443 386 1508 flumine
401 1442 602 1520 abundanti,
614 1466 714 1528 quam
728 1445 830 1530 largis
844 1444 1005 1508 imbribus
1019 1451 1120 1528 auget

255 1558 425 1621 montibus
440 1577 482 1620 ex
496 1557 571 1620 altis
585 1578 724 1642 magnus
739 1556 902 1622 decursus
916 1559 1030 1642 aquai,

255 1671 419 1758 fragmina
434 1672 601 1736 coniciens
616 1671 772 1736 silvarum
787 1672 992 1756 arbustaque
1005 1678 1095 1745 tote,

183 1805 231 1850 2⁸5
254 1808 316 1850 uec
331 1785 431 1852 validi
446 1793 589 1873 possunt
603 1793 725 1871 pontes
739 1786 903 1852 venientis
918 1787 1016 1870 aquai

183 1891 186 1896 ’
254 1902 319 1964 vim
334 1900 477 1966 subitam
492 1882 651 1966 tolerare:
661 1902 709 1966 ita
722 1923 841 1987 magno
856 1900 1010 1966 turbidus
1023 1901 1118 1964 imbri

255 2016 397 2080 molibus
411 2016 566 2091 incurrit,
578 2016 698 2082 validis
712 2037 785 2080 cum
800 2017 942 2090 viribus,
954 2015 1073 2088 amnis,

256 2130 314 2194 dat
328 2131 442 2195 sonitu
455 2151 574 2216 magno
590 2139 751 2216 stragem,
763 2131 934 2215 volvitque
949 2131 1011 2194 sub
1027 2129 1126 2194 undis

150 2315 155 2326 ‚
254 2244 396 2331 grandia
409 2266 507 2320 saxa,
519 2245 652 2331 ruitque
666 2247 712 2310 ita
727 2244 891 2330 quidquid
905 2243 1061 2310 fluctibus
1078 2245 1204 2308 obstat.

183 2377 232 2422 auo
254 2359 416 2445 sicigitur
431 2358 556 2423 debent
572 2360 661 2424 venti
676 2381 811 2446 quoque
826 2359 957 2424 flamina
970 2359 1066 2432 ferri,

255 2495 341 2558 quae
356 2475 409 2537 vel
424 2475 473 2537 uti
486 2473 631 2538 validum
646 2495 720 2536 cum
735 2473 855 2538 flumen
871 2475 1081 2560 procubuere

109 2601 115 2616 ·
161 2653 165 2662 ,
256 2609 355 2672 quam
369 2587 450 2650 libet
464 2588 498 2650 in
512 2595 657 2673 partem,
668 2586 810 2651 trudunt
823 2609 879 2652 res
894 2599 970 2652 ante
984 2596 1154 2672 ruuntque

143 2757 147 2768 .
255 2702 433 2789 impetibus
449 2702 592 2776 crebris,
603 2702 690 2765 inter
706 2700 784 2765 dum
799 2702 926 2766 vertice
940 2711 1030 2767 torto

256 2817 441 2902 corripiunt
453 2815 639 2901 rapideque
653 2819 778 2882 rotanti
792 2817 924 2880 turbine
938 2823 1091 2902 portant.

184 2947 233 2994 295
256 2951 360 3016 quare
376 2931 472 2994 etiam
487 2939 589 3016 atque
605 2931 702 2996 etiam
717 2939 796 2995 sunt
809 2931 901 2996 venti
915 2951 1059 3014 corpora
1073 2951 1188 3002 caeca,

256 3044 528 3132 quandoquidem
543 3031 641 3111 factis
657 3055 691 3110 et
704 3046 853 3111 moribus
868 3045 996 3110 aemula
1009 3045 1136 3130 maguis
1181 3088 1185 3096 ·

256 3161 407 3225 amnibus
421 3161 648 3232 inveniuntur,
661 3169 779 3246 aperto
795 3181 937 3246 corpore
952 3160 1010 3244 qui
1024 3167 1117 3222 suut.

256 3283 325 3338 tum
340 3297 443 3360 porro
457 3277 570 3339 varios
584 3296 694 3338 rerum
708 3276 868 3337 sentimus
884 3272 1026 3348 odores,

255 3409 319 3453 nec
332 3396 445 3453 tomen
459 3387 504 3452 ad
519 3389 609 3452 uaris
624 3386 788 3450 venientis
803 3387 967 3450 cernimus
981 3407 1153 3470 umquam,

183 3520 232 3566 coo
254 3524 317 3566 nec
333 3501 460 3566 calidos
476 3510 590 3567 aestus
606 3501 744 3576 tuimur,
756 3521 818 3564 nec
832 3500 958 3586 frigora
972 3501 1104 3586 quimus

255 3639 418 3702 usurpare
433 3617 538 3680 oeulis
549 3665 557 3692 ‚
569 3637 631 3680 uec
644 3637 746 3680 voces
762 3635 900 3678 cernere
915 3637 1067 3683 suemus:

255 3753 342 3817 quac
356 3739 467 3796 tamen
482 3732 591 3796 omnia
606 3752 771 3816 corporee
786 3739 941 3794 constare
956 3739 1128 3797 necessest

255 3855 391 3923 natura,
403 3847 559 3932 quoniam
574 3867 693 3910 seusus
706 3845 865 3930 inpellere
881 3853 1037 3934 possunt:

255 3969 392 4046 tangere
408 3963 492 4025 anim
508 3973 542 4026 et
556 3961 647 4046 tangi
658 4009 665 4036 ‚
676 3960 739 4024 nisi
755 3983 895 4046 corpus,
906 3960 998 4024 nulle
1011 3963 1124 4044 potest
1139 3979 1209 4020 res.

183 4094 233 4140 305
257 4075 400 4162 denique
416 4075 603 4162 fluctifrago
619 4097 801 4163 suspensae
816 4076 849 4140 iu
864 4076 961 4138 litore
977 4080 1091 4136 vestes

258 4363 306 4411 276
324 4363 435 4428 pontus.
454 4358 463 4424 ll
483 4363 530 4410 282
550 4373 626 4427 quem
646 4356 655 4424 Η
675 4361 723 4408 286
742 4357 861 4409 turbibus
881 4357 890 4420 ll
909 4357 957 4404 289
977 4353 1027 4404 ruit
1041 4369 1091 4420 qua
1104 4349 1230 4420 quidquid
1250 4351 1259 4416 ll
1278 4355 1325 4402 ‘294
1340 4365 1378 4400 ra·

258 4439 365 4510 pidique
