2946 5188
636 484 668 552 II

78 677 195 720 nonne
211 653 307 740 vides
323 654 420 718 etiam
436 652 614 739 patefactis
629 664 780 744 tempore
794 667 920 742 puncto

76 769 273 836 carceribus
288 790 356 832 non
372 789 473 853 posse
487 776 599 833 tamen
614 792 831 859 prorumpere
847 794 1009 859 equorum

5 903 54 947 »ss
79 885 148 948 vim
164 882 319 970 cupidam
334 889 401 946 tam
417 880 586 948 desubito
602 905 702 969 quam
715 908 808 951 mons
823 897 901 953 avet
915 890 1010 976 ipsa?

78 999 188 1062 omnis
204 997 289 1060 enim
300 1004 424 1073 ,totum
440 1018 501 1082 per
516 1019 638 1084 corpus
648 1047 655 1074 ‚
667 1001 813 1066 materiai

81 1113 181 1197 copia
196 1110 322 1177 conciri
338 1109 455 1186 debet,
468 1113 600 1177 concita
614 1133 675 1198 per
689 1121 782 1178 artus

79 1226 189 1290 omnis
203 1232 242 1289 ut
255 1223 402 1289 studium
414 1226 534 1290 mentis
550 1227 671 1291 conixa
686 1237 863 1313 sequatur;

85 1348 127 1405 ut
139 1339 256 1436 videas
271 1339 388 1418 initum
402 1346 513 1404 motus
528 1361 548 1403 a
562 1339 666 1405 corde
682 1343 802 1418 creari,

1 1473 55 1518 rto
82 1476 127 1518 ex
143 1453 308 1538 animique
322 1454 495 1518 voluntate
508 1453 545 1517 id
558 1454 745 1542 procedere
759 1456 915 1542 primum,
953 1437 960 1458 ⁸

80 1567 164 1632 inde
179 1567 251 1632 dari
266 1589 369 1652 porro
385 1587 446 1654 per
460 1573 566 1633 totum
582 1591 704 1656 corpus
720 1579 755 1635 et
769 1579 876 1635 artus.

79 1705 146 1747 neo
159 1683 298 1746 similest
310 1689 349 1746 ut
363 1703 436 1746 eum
451 1682 582 1768 impulsi
595 1682 808 1769 procedimus
822 1685 909 1760 ictu,

80 1798 210 1862 viribus
225 1796 361 1861 alterius
375 1798 503 1883 maguis
517 1819 705 1884 magnoque
721 1810 853 1864 coactu:

79 1934 158 1976 nam
172 1919 243 1976 tum
257 1911 428 1975 materiem
442 1912 545 1976 totius
560 1913 712 1998 corporis
727 1935 855 1977 omnem

1 2045 55 2091 215
82 2027 331 2114 perspicuumst
344 2026 442 2091 nobis
456 2026 568 2091 invitis
582 2027 631 2090 ire
645 2028 802 2113 rapique,

80 2141 192 2207 donee
207 2161 278 2204 eam
292 2139 471 2206 refrenavit
483 2163 545 2228 per
561 2141 707 2206 membra
721 2142 895 2207 voluntas.

79 2259 189 2322 iamne
204 2253 299 2319 vides
313 2256 429 2341 igitur,
441 2277 642 2341 quamquam
657 2256 707 2320 vis
723 2265 839 2320 extera
854 2258 975 2321 multos

78 2371 185 2457 pellat
200 2377 233 2433 et
247 2369 368 2435 invitos
385 2383 485 2455 cogat
498 2369 684 2457 procedere
698 2391 800 2455 saepe

78 2485 346 2574 praecipitesque
360 2486 450 2572 rapi,
461 2491 571 2550 tamen
588 2505 662 2548 esse
676 2485 710 2549 in
724 2493 863 2570 pectore
878 2495 996 2551 nostro

4 2620 55 2665 reu
80 2598 244 2686 quiddam
259 2598 353 2684 quod
367 2606 486 2664 eontra
499 2619 649 2686 pugnare
665 2599 868 2684 obstareque
882 2602 1014 2686 possit?

80 2716 176 2780 cuius
192 2712 237 2777 ad
251 2714 423 2778 arbitrium
439 2735 573 2800 quoque
589 2715 687 2800 copia
700 2714 851 2778 materiai

81 2832 216 2916 cogitem
230 2829 318 2893 iuter
332 2827 411 2893 dum
424 2826 514 2893 flecti
527 2850 589 2916 per
602 2829 750 2893 membra
764 2851 824 2916 per
838 2838 947 2904 artus,

80 2953 115 3009 et
129 2944 282 3030 proiecta
295 2943 483 3008 refrenatur
496 2951 657 3028 retroque
671 2942 803 3007 residit.

80 3080 187 3146 quara
201 3059 235 3124 in
250 3058 427 3123 seminibus
444 3067 579 3143 quoque
593 3056 682 3120 idem
696 3057 823 3120 fateare
837 3067 1024 3132 necessest,

8 3195 54 3237 sss
78 3195 155 3238 esse
169 3173 266 3238 aliam
280 3181 415 3259 praeter
429 3173 545 3260 plagas
561 3179 595 3236 et
608 3169 761 3258 pondera
776 3191 909 3234 causam

78 3289 243 3364 motibus,
255 3287 345 3352 uude
358 3287 445 3352 haec
459 3295 511 3351 est
523 3286 621 3351 nobis
635 3286 750 3349 innata
763 3291 933 3370 potestas;

81 3404 123 3468 de
140 3405 209 3468 nilo
225 3403 382 3488 quoniam
395 3402 467 3467 fieri
480 3401 527 3465 nil
540 3421 642 3486 posse
657 3399 823 3466 videmus.

79 3517 216 3605 pondus
232 3517 317 3582 enim
331 3515 542 3605 prohibetae
556 3512 664 3601 plagis
680 3515 789 3578 omnia
802 3514 884 3580 fiant

79 3644 222 3698 externa
236 3633 332 3717 quasi
345 3632 395 3696 vi:
410 3630 472 3694 sed
486 3651 528 3694 ne
544 3651 635 3693 mens
648 3630 722 3717 ipsa
735 3649 909 3694 necessum

11 3768 55 3813 reo
77 3748 274 3814 intestinum
286 3746 411 3810 habeat
425 3745 553 3826 eunetis
566 3745 602 3808 in
615 3745 716 3809 rebus
731 3742 869 3830 agendis

80 3875 116 3929 et
131 3861 267 3928 devicta
281 3861 376 3948 quasi
390 3859 427 3924 id
441 3867 581 3947 cogatur
594 3858 682 3923 ferre
696 3860 849 3944 patique,

82 4066 285 4074 ———-——

81 4184 131 4230 264
152 4193 278 4246 quorum.
303 4177 314 4245 ΙΙ
338 4181 388 4227 266
406 4175 545 4228 materiae.
569 4173 579 4242 ΙΙ
603 4177 652 4224 268
671 4187 773 4224 conexa
791 4171 800 4239 ii
819 4176 868 4222 276
888 4170 1062 4240 Perspicuum
1080 4161 1185 4225 nobisst
1202 4171 1212 4238 ΙΙ

80 4266 132 4312 278
153 4257 241 4312 Pallet
265 4259 275 4328 ΙΙ
301 4263 350 4310 279
368 4259 437 4328 rapit
455 4257 465 4326 Η
485 4259 584 4310 iectore
601 4245 652 4307 no.
671 4255 681 4323 Η
701 4259 747 4306 281
769 4269 836 4305 eona
854 4253 864 4322 il
884 4258 932 4305 263
950 4251 1061 4306 residia.
1082 4254 1092 4322 ΙΙ
1111 4259 1160 4306 269
1178 4267 1213 4303 ne

80 4360 126 4396 res
146 4341 224 4408 11221
246 4330 322 4412 ᾳυίεί
340 4347 452 4412 cogetur

990 4436 1010 4498 4
