2990 5202
629 517 675 586 lll
1134 522 1201 588 155

35 679 38 686 ’
88 689 213 754 dratus
228 689 374 756 Fundet
395 739 401 753 .
426 691 592 778 oblongus
608 693 748 777 calipiuis
761 693 902 758 tambram
925 742 932 755 .
957 693 1034 758 olim
1049 694 1203 780 impressi

87 789 151 853 irai
157 787 226 876 seu
238 811 406 875 numquam
421 795 456 854 et
469 791 594 854 uramus
617 837 625 850 .
648 789 723 856 Itali
743 792 852 875 perite
867 793 936 858 Nee
959 817 999 856 nr
1009 815 1075 856 n1s
1098 817 1203 870 ianr,

86 895 160 950 tum
172 887 308 952 hirmidu
323 909 588 953 surrunnuns
599 938 605 952 .
616 888 679 954 sed
689 891 829 954 umbram
839 891 1004 955 timbrasva
1020 893 1204 958 accusandi

88 1007 172 1050 casu
187 985 372 1076 scubtnon
386 986 519 1052 debuit:
534 988 716 1056 ablativum
732 1011 836 1074 supra
850 989 1053 1054 firmavimus
1067 991 1112 1056 ad
1127 1013 1203 1058 ver-

88 1105 162 1148 sum
178 1083 242 1159 39,
256 1083 412 1169 idemque
427 1093 480 1150 est
492 1087 527 1150 in
541 1087 629 1153 libro
643 1110 674 1164 v,
682 1085 762 1151 482.

172 1183 247 1248 305.
271 1205 484 1246 oacrnrs—
500 1207 616 1248 ranis
632 1207 808 1248 esserra
823 1205 1016 1250 vasonis.
1039 1187 1204 1276 Marullus

88 1303 163 1346 rav
173 1303 272 1346 on1s
287 1329 296 1345 .
315 1279 530 1347 Wakefieldo
545 1304 619 1347 cum
636 1283 706 1348 suis
720 1283 849 1369 placuit
862 1284 1006 1368 ruperim
1021 1284 1115 1369 quod
1130 1287 1204 1371 quis

88 1378 233 1454 credat,
247 1379 314 1444 nisi
327 1382 383 1465 qui
399 1401 459 1445 eos
472 1380 556 1445 nihil
569 1381 765 1468 intellegere
778 1381 1004 1446 intellexerit?

172 1477 250 1542 306.
271 1478 397 1542 Inran
417 1502 626 1557 urnasque
649 1503 762 1544 srrns
785 1501 939 1544 aravos
966 1501 1203 1558 snavosoua

89 1599 135 1638 nu
145 1599 166 1640 o
175 1599 254 1640 sus
270 1625 278 1641 .
293 1577 358 1642 Hic
372 1579 494 1643 iterum
507 1577 590 1643 illud
606 1579 789 1644 absurdum
799 1580 878 1642 iuer
888 1589 1032 1666 iurasque
1046 1579 1204 1666 legimus,

88 1675 185 1760 quod
200 1675 249 1740 ad
264 1699 300 1749 11,
308 1677 370 1741 548
383 1675 530 1742 vidimus
544 1676 758 1742 scribendum
775 1697 850 1741 essa
864 1675 1203 1755 larssurnnoua.

88 1773 157 1838 hoc
170 1795 258 1838 vero
274 1795 348 1839 cum
364 1776 557 1840 accusativo
578 1775 736 1862 coniungi
750 1797 819 1839 non
833 1795 937 1859 possa
951 1784 1113 1860 apparet:
1135 1799 1202 1862 quo

88 1871 128 1936 fit
141 1881 182 1937 ut
195 1874 256 1938 situ
272 1885 313 1937 est
327 1874 428 1939 scribi
442 1894 511 1937 non
527 1873 675 1950 debeat,
690 1873 783 1960 quod
798 1873 879 1938 seoit
892 1873 1077 1940 Brixiensis
1093 1871 1203 1942 editor

90 1994 166 2036 cum
181 1971 329 2035 Marullo
353 1981 387 2036 ct
409 1977 553 2037 ceteris.
574 1981 627 2036 cst
648 1980 759 2037 autern
780 1971 960 2058 legendum
974 1973 1204 2063 litterataque,

91 2092 134 2133 ss
145 2093 222 2134 cus
237 2093 338 2134 oerum
351 2094 513 2158 sumesque
526 2071 624 2136 leuues
636 2120 642 2134 .
654 2079 692 2135 ut
706 2070 884 2135 Lucretius
898 2071 1105 2160 iruerutroque
1119 2098 1204 2139 secus

91 2166 214 2232 addito
231 2169 426 2231 accusativo
441 2167 547 2244 dixit,
561 2169 611 2232 ita
626 2169 710 2233 Cato
724 2170 994 2253 utrimquesecus,
1010 2169 1073 2234 nisi
1086 2170 1204 2247 fallor,

91 2264 135 2330 de
157 2288 197 2329 re
226 2265 354 2328 rustica
375 2265 540 2349 cap.2l‚3
562 2267 685 2331 Dextra
704 2267 828 2329 meatu
839 2266 1031 2353 foramina,
1053 2272 1205 2358 utriusque

88 2386 179 2426 seusu
193 2363 327 2426 lamium
338 2409 347 2441 ,
366 2363 551 2428 uhkmiuue
559 2365 696 2449 pollutos
709 2364 840 2427 minutus
853 2366 1012 2449 supponite
1035 2415 1042 2429 .
1064 2389 1127 2432 nec
1143 2367 1204 2434 du·

89 2461 183 2525 bium
207 2467 262 2524 cst
282 2461 362 2545 quin
375 2483 460 2525 secus
473 2461 681 2548 praepositio
698 2483 771 2526 eam
787 2461 1072 2528 constructionem
1087 2465 1205 2532 admit-

92 2566 143 2623 tat
159 2583 167 2636 ;
190 2579 393 2644 quamquam
409 2559 580 2625 Charisius
595 2558 674 2646 p.6l
691 2562 726 2624 id
738 2561 821 2648 quod
832 2561 938 2646 uniquus
951 2576 1097 2650 usurpet,
1118 2589 1205 2630 rectu

91 2657 180 2720 Mum
194 2657 260 2722 sedi
277 2705 286 2738 ‚
309 2659 365 2722 hoo
379 2668 422 2723 est
433 2659 598 2722 secuudum
612 2659 725 2744 ilium,
748 2669 775 2721 et
795 2681 905 2721 uectem
925 2670 954 2723 et
972 2661 1129 2726 sordidius
1144 2687 1205 2728 esse

93 2753 193 2833 dicit,
205 2779 281 2821 cum
296 2765 408 2822 tamen
424 2758 497 2842 ipse
511 2779 544 2842 p.
556 2755 613 2821 195
630 2756 863 2841 Sempronium
877 2757 1082 2823 Asellionem
1097 2808 1105 2834 ,
1120 2769 1205 2825 tem-

92 2855 186 2938 poris
203 2853 394 2919 Gracchani
408 2856 607 2940 scriptorem
623 2904 632 2934 ,
646 2854 863 2919 historiarum
878 2853 964 2920 libro
979 2879 1039 2920 x1v
1053 2858 1110 2923 hoc
1121 2883 1207 2924 rectu

92 2951 127 3013 in
141 2953 307 3038 temporis
322 2954 563 3039 significatione
577 2947 916 3037 posuisse'testetur.
936 2961 971 3015 et
988 2951 1075 3017 haec
1096 2963 1130 3019 et
1151 2979 1205 3020 ce-

93 3058 169 3114 tera
191 3051 236 3114 de
257 3073 342 3114 rectu
362 3049 616 3134 praepositione
640 3047 811 3112 Gesnerus
835 3048 870 3109 in
892 3047 1089 3114 thesaurum
1110 3072 1206 3116 suum

94 3148 255 3212 contulit.
265 3150 466 3212 circundatus
476 3146 708 3232 lexicographi
719 3145 976 3230 consignarunt,
985 3146 1208 3231 neglexenmt

94 3248 265 3321 emisenus,
285 3246 452 3330 louqueuu
469 3292 479 3324 ,
500 3265 587 3330 quae
602 3250 681 3308 sunt
695 3245 730 3307 in
744 3243 917 3330 glossariis
931 3243 1082 3309 Labbaei
1098 3291 1106 3319 ,
1127 3246 1207 3311 item

89 3342 366 3429 postcommum
381 3343 464 3408 nihil
479 3344 614 3407 omnino
630 3363 705 3408 esse
721 3341 803 3408 dicit
819 3341 928 3427 Caper
942 3364 975 3426 p.
984 3339 1083 3406 2243.

177 3441 250 3507 308.
273 3465 404 3506 ranan
433 3464 531 3506 rnna
552 3464 783 3519 sacraqurr
805 3439 979 3504 Nartes
1002 3462 1206 3518 curusous

97 3563 215 3604 aaran
231 3561 426 3604 vasrrorn
447 3563 573 3604 rurus
586 3587 594 3604 .
609 3539 702 3604 Bene
715 3537 899 3614 Marullus,
912 3539 1064 3623 quamvis
1079 3538 1206 3606 Wake-

97 3636 215 3702 fieldus
230 3637 351 3724 neget,
367 3637 566 3703 Naronae
578 3687 587 3715 ,
601 3646 641 3703 ut
653 3639 756 3724 paulo
771 3645 852 3724 post
867 3635 928 3701 320
945 3638 1045 3724 Usque
1060 3639 1136 3703 adeo
1150 3663 1207 3703 uu-

99 3744 238 3802 turarum
250 3739 375 3823 emtiqiu
389 3739 486 3824 linqui
501 3738 635 3802 Puruoiu
647 3786 654 3801 .
666 3737 828 3802 sedidem
839 3734 1004 3800 Marullus
1015 3737 1131 3800 nescio
1141 3759 1209 3820 qua

100 3853 135 3896 re
149 3834 315 3921 deceptus
330 3835 467 3920 scripsit
481 3838 620 3902 animis:
631 3837 727 3900 ommi
741 3845 835 3900 recta
848 3844 992 3918 uterque
1007 3831 1134 3908 codex,
1147 3833 1209 3900 sed

101 3932 285 4014 quadratus
298 3941 473 4022 postremo
489 3935 500 3996 i
516 3953 558 3998 ex
572 3956 589 3996 e
602 3931 695 3997 facto
708 3933 819 4017 prima
832 3953 950 3995 manu.

179 4030 250 4095 317.
266 4054 341 4096 ror
356 4053 522 4097 somna
536 4052 644 4107 ouon
660 4051 786 4094 surr.
810 4029 992 4093 Correotor
1007 4027 1144 4116 oblongi
1159 4030 1209 4094 ui-

101 4125 160 4188 mis
175 4129 307 4193 curiose
322 4141 395 4217 quot
406 4139 493 4194 sunt.
509 4135 653 4214 uterque
669 4125 779 4192 codex
792 4129 828 4191 iu
840 4148 942 4192 versu
960 4125 1040 4191 1090
1054 4129 1137 4214 quod
1148 4130 1210 4206 uis,

102 4224 288 4304 quadratus
298 4228 334 4290 iu
344 4227 459 4303 v1,703
471 4227 598 4315 aliqud
608 4274 615 4290 .
627 4247 670 4290 ne
682 4226 826 4310 septimo
836 4225 973 4311 quidem
983 4225 1025 4290 ab
1035 4225 1120 4289 urbe
1130 4246 1210 4288 con-

104 4317 172 4384 dita
186 4325 322 4389 saeculo
338 4332 465 4389 certum
481 4324 652 4392 scribendi
667 4325 848 4390 discrimen
861 4323 925 4388 fuit
935 4372 941 4387 .
951 4323 986 4387 in
997 4322 1070 4408 lege
1082 4320 1212 4385 Thoria

103 4411 142 4478 26
160 4419 249 4498 Quod
267 4425 393 4510 quisque
409 4425 542 4508 pecudes
560 4426 594 4488 iu
608 4425 710 4490 culleis
723 4426 823 4489 usaue
830 4425 973 4510 pseblicoa
986 4421 1102 4485 itineris
1117 4442 1211 4481 curuo
1254 4481 1259 4496 ,

105 4511 256 4582 iudeuerit
278 4569 283 4581 .
309 4520 367 4584 vix
382 4519 541 4586 credibile
557 4530 610 4586 ert
623 4521 690 4588 hoc
704 4521 759 4588 vel
774 4521 988 4588 doctissimos
1002 4515 1164 4583 fefellisse
1177 4515 1211 4578 in
