2990 5182
653 489 702 556 VI
1159 487 1228 556 399

118 689 207 754 quae
222 674 275 732 est
284 691 401 752 pon-o,
423 665 600 729 interiecta
617 661 750 726 transiri
766 662 898 744 potuit.
920 661 1002 746 quid
1017 661 1110 745 quod
1125 668 1230 726 testes

118 788 188 830 non
204 766 345 838 desunt,
361 765 418 849 qui
433 763 531 828 nobis
547 783 662 826 eorum
678 781 765 845 quae
775 759 831 824 hie
843 759 1010 824 amisimus
1022 767 1152 843 partem
1163 768 1230 824 ret-

111 865 274 928 tulerint.
291 863 372 949 quid
388 862 474 926 enirn
488 861 566 925 huic
580 861 657 924 loco
672 859 783 944 aptius
799 879 874 922 esse
885 857 998 943 potuit
1008 877 1109 941 quam
1120 858 1230 942 splen·

118 961 201 1024 dida
222 961 280 1024 illa
300 959 487 1045 argumenti
510 958 606 1020 nimis
627 955 727 1040 ampli
747 956 936 1029 recusati0,
958 976 1026 1040 qua
1039 955 1231 1020 Lucretium

118 1059 241 1124 alicubi
252 1079 350 1122 usum
362 1077 436 1121 csse
444 1055 583 1119 Servius
595 1063 715 1118 auctor
727 1053 913 1117 estlhuius
925 1051 1010 1116 haec
1021 1053 1126 1117 verba
1136 1063 1232 1129 sunt,

119 1157 295 1244 adscripta
309 1157 363 1220 his
374 1153 575 1240 Vergilianis
590 1153 624 1216 in
639 1175 675 1216 vr
687 1151 857 1216 Aeneidos
872 1149 1058 1224 625,·N01‹
1080 1173 1172 1216 urnr
1196 1175 1230 1216 sr

119 1277 304 1318 urrunsa
328 1263 489 1316 csx'rnn
512 1271 605 1314 star
628 1271 790 1325 oriona·
813 1271 995 1322 aaaron,
1019 1249 1136 1314 Ferrea
1157 1271 1230 1314 aaa.

118 1353 259 1415 Lucretii
273 1373 374 1414 vastes
388 1349 522 1414 adlatis
535 1349 573 1412 de
585 1347 735 1412 Homero.
750 1349 804 1410 sed
815 1349 1018 1411 aenam
1040 1369 1118 1412 vox
1139 1349 1230 1411 dicit.

117 1449 207 1513 idem
223 1448 361 1512 Servius
381 1449 503 1512 iterum
525 1445 569 1510 ad
592 1445 709 1510 eadem
732 1445 879 1509 carmina
900 1445 934 1508 in
949 1445 1131 1530 georgicon
1146 1468 1181 1519 11,
1190 1446 1230 1509 43

119 1546 232 1630 posita
246 1546 384 1610 Lascretii
397 1568 499 1608 vasta
510 1570 521 1606 .·
541 1545 595 1608 sed
607 1545 659 1608 tlte
674 1567 768 1607 aenea
783 1567 840 1606 eoa
856 1544 917 1620 ait,
938 1565 998 1606 aaa
1010 1542 1123 1628 ferrea
1138 1591 1145 1606 .
1168 1543 1230 1608 sed

117 1645 165 1708 ibi
180 1653 215 1707 et
225 1644 259 1706 in
271 1644 424 1707 lemmate
436 1649 598 1727 peccatur
608 1642 864 1726 (praescribitur
876 1640 963 1704 enim
974 1641 1049 1704 Nan
1060 1663 1113 1724 epo
1124 1652 1231 1704 caneto

117 1745 204 1826 meir)
221 1749 255 1805 et
270 1765 365 1805 aenea
375 1740 588 1826 trisyllabum
600 1740 756 1804 vitiosum
769 1746 836 1802 est.
852 1736 975 1802 deinde
986 1737 1051 1800 alio
1064 1737 1139 1802 loco
1152 1737 1230 1802 Ser·

117 1842 192 1904 vius
208 1860 278 1903 rem
292 1838 420 1902 indicat
432 1859 531 1923 quam
547 1846 728 1902 exsecutus
740 1837 842 1900 suerit
853 1843 972 1922 polita,
988 1836 1046 1899 ubi
1058 1835 1125 1900 hoc
1138 1836 1231 1920 quod

118 1959 182 2000 noe
198 1938 336 2022 legimus
351 1939 394 2001 ab
411 1957 450 2000 eo
466 1937 595 2022 exempti
610 1959 703 2000 cama
714 1935 861 2018 positum
874 1935 972 2008 dicit,
987 1932 1032 1997 ad
1047 1936 1231 2020 georgicon

118 2035 211 2110 rv,5l
231 2036 353 2120 ραζεαηι
372 2034 499 2098 hiemem
519 2034 565 2096 sot
577 2055 690 2096 astreas
704 2033 781 2116 epit.
805 2031 978 2094 Secundam
995 2031 1155 2117 physicos,
1176 2035 1231 2118 pai
1285 2040 1290 2052 “

117 2135 243 2211 dieunt,
265 2155 325 2220 qao
345 2143 476 2218 tentpore
497 2129 547 2193 tte
559 2130 654 2194 dieras
674 2141 717 2193 est
726 2177 735 2206 ,
758 2139 898 2192 aestatem
919 2151 981 2192 esse
1000 2129 1054 2191 sab
1074 2131 1181 2206 terris,
1204 2141 1232 2193 et

118 2255 206 2294 versa
227 2233 309 2308 vice,
332 2252 400 2292 cam
421 2229 471 2292 la'e
485 2239 601 2304 aestas,
623 2228 688 2290 illic
701 2226 847 2290 hiemem.
870 2227 1055 2310 quodetiam
1069 2226 1231 2290 Lucretiam

117 2330 291 2415 exequitur,
307 2338 335 2390 et
348 2327 485 2390 traditio
501 2335 708 2409 orpraneatam
714 2324 868 2408 putealem
883 2346 996 2410 αφιαιη
1003 2371 1012 2402 ,
1028 2346 1106 2410 qaae
1121 2335 1231 2390 aestate

108 2427 318 2514 sapidasima
330 2436 388 2502 est,
400 2424 496 2487 hieme
507 2446 577 2486 cero
589 2424 791 2486 calidissima.
808 2423 882 2506 quis
894 2423 996 2507 igitur
1008 2421 1140 2486 dubitet
1151 2425 1231 2508 quin

119 2525 188 2588 huc
212 2543 251 2586 ea
268 2520 449 2586 referenda
463 2522 531 2586 sint
546 2541 632 2606 quae
648 2519 807 2585 Claudius
823 2519 993 2586 Sacerdos
1007 2520 1112 2586 habet
1125 2521 1230 2604 pac?

118 2623 144 2688 S
158 2645 229 2686 vero
243 2623 362 2700 littera,
384 2619 511 2704 inquit,
535 2619 657 2682 eliditur
671 2621 757 2698 sola,
778 2620 805 2682 si
819 2642 840 2682 a
854 2620 1029 2683 eonsoaaati
1042 2620 1172 2704 inceptat
1184 2621 1230 2685 at·

117 2721 449 2805 teraparsoratt'oair.
471 2727 505 2780 at
519 2717 681 2780 Lueretius
702 2738 904 2779 munerans
927 2739 1092 2791 snmus,
1114 2729 1141 2780 et
1158 2719 1231 2782 alibi

118 2820 153 2902 (ι,
167 2817 236 2900 186)
259 2815 313 2880 Ea
333 2815 499 2901 infantibus
514 2816 642 2900 parcis.
670 2814 798 2878 scilicet
819 2817 941 2898 aestivis
956 2815 1229 2901 measiba'srtpas.

119 2915 201 3000 quin
216 2921 250 2977 et
264 2912 384 2978 eodem
400 2913 569 2998 pertinent
581 2932 668 2996 quae
679 2911 771 2995 apud
784 2909 970 2975 Charisium
981 2910 1139 2996 leguntur
1150 2937 1180 2998 p.
1190 2915 1230 2976 43
1339 2931 1342 2936 ·

119 3022 155 3074 et
169 3013 205 3074 in
220 3013 387 3098 excerptis
402 3009 677 3095 orthographicis
692 3009 784 3094 apud
798 3008 996 3072 Putschium
1012 3033 1041 3094 p.
1052 3009 1153 3084 2779,
1173 3013 1230 3075 Ca·

121 3131 212 3170 encra
226 3108 349 3187 dieitur,
363 3120 398 3172 at
411 3109 534 3172 Verrius
545 3106 678 3170 Flaccos
691 3107 844 3195 affimat,
858 3129 919 3168 aon
934 3128 1057 3169 carrera
1067 3129 1126 3190 per
1140 3131 1163 3170 e.
1178 3111 1233 3172 sed

122 3205 286 3268 Lucretius
306 3207 508 3293 Cameraeqae
530 3208 658 3270 caminis
679 3205 851 3269 exteritibas
872 3205 997 3268 diemde
1018 3206 1109 3268 etiam
1130 3228 1229 3270 came-

120 3327 189 3366 ram
204 3305 363 3390 dieiposse
377 3307 516 3370 ostendit.
531 3305 566 3368 in
582 3303 633 3367 his
649 3303 794 3368 Charisii
809 3303 919 3367 codex
934 3303 1136 3387 aliquotiens
1152 3325 1229 3388 pec·

118 3411 194 3465 cat:
209 3402 357 3467 Lucretii
372 3405 479 3467 verba
490 3404 525 3466 in
541 3402 711 3486 excerptis
725 3403 773 3466 ita
788 3402 915 3488 scripta
930 3413 1027 3474 sunt,
1050 3405 1179 3466 cornerio
1192 3426 1230 3466 ea

116 3501 274 3572 teretibus.
297 3501 376 3565 mihi
393 3511 521 3564 certum
537 3499 673 3564 videtur
688 3500 880 3564 Lucretium
903 3499 1079 3584 scripsisse
1102 3523 1230 3564 cnun-

116 3619 280 3674 xnsous
304 3621 450 3663 exurar
462 3621 497 3674 s,
520 3597 582 3662 sed
603 3595 687 3662 illud
708 3598 880 3662 eatemtibas
899 3619 968 3662 non
983 3619 1122 3681 possum
1137 3609 1230 3663 certa

117 3697 251 3760 ratione
272 3697 471 3762 emendare.
494 3686 665 3782 p'ostremo
681 3695 929 3782 Philargyrium
944 3698 1230 3770 commemorabo,

13 3815 20 3822 ·
117 3795 176 3880 qui
192 3794 237 3858 ad
248 3797 431 3881 georgicon
443 3819 491 3866 111,
505 3797 561 3859 136
573 3796 659 3859 haec
669 3795 790 3870 habet,
804 3797 966 3860 Lueretius
981 3817 1028 3857 ns
1045 3817 1065 3858 o
1075 3817 1199 3858 nnrns
1209 3819 1230 3858 ‘r

112 3917 174 3978 pro
196 3895 311 3958 obteret
331 3907 359 3958 et
379 3895 534 3981 obcludat.
556 3895 642 3959 haec
663 3914 797 3979 quoque
812 3895 845 3956 in
861 3892 977 3956 eadem
993 3913 1029 3955 re
1044 3892 1154 3955 locum
1171 3893 1229 3956 ha-

116 3994 202 4056 bere
214 4000 416 4076 potuerunt:
433 4000 524 4058 certe
540 4015 599 4058 cur
609 3992 737 4056 Lucilio
753 3993 865 4077 potius
881 3988 1061 4054 tribuenda
1076 3991 1143 4054 sint
1158 3991 1230 4055 nul·

117 4090 183 4154 lam
200 4111 336 4156 causam
352 4091 472 4156 video,
495 4113 572 4156 nam
588 4113 674 4177 quae
689 4089 821 4156 Nonius
837 4089 941 4153 habet
956 4111 986 4174 p.
996 4089 1093 4163 229st
1113 4090 1230 4154 Lucre-

116 4191 194 4268 tius,
216 4189 329 4254 Teates
349 4191 536 4254 caredaaerot
554 4193 656 4254 amaia
677 4201 798 4275 torpor,
822 4209 861 4252 ea
883 4187 949 4251 huc
971 4189 1140 4274 pertinere
1162 4209 1230 4252 non

118 4307 253 4372 pugn03
276 4309 497 4374 quamquam,
520 4291 547 4352 si
568 4290 745 4352 ccrrdrtaerit
762 4287 976 4354 scribendum
993 4295 1063 4357 est,
1088 4297 1230 4370 possunt

118 4383 161 4448 de
176 4385 295 4450 hiemis
310 4395 462 4472 tempore
480 4386 571 4452 dicta
587 4407 678 4451 esse.

201 4483 272 4546 841.
296 4486 480 4548 Annscrr
503 4507 596 4559 Qurn
620 4507 749 4548 renna
773 4505 952 4556 canons,
983 4505 1028 4544 ur
1055 4504 1146 4544 suut
1172 4503 1227 4542 sr-
