3034 5204
637 457 672 524 V

75 655 155 700 nam
174 630 274 718 quod
288 629 387 696 adest
400 636 538 718 praesto
548 679 557 708 ‚
566 631 631 695 nisi
645 631 726 718 quid
741 633 957 718 eognovimus
972 641 1050 700 ante

77 749 240 824 suavius,
251 747 286 810 in
300 745 413 832 primis
427 745 540 832 placet
554 753 590 811 et
602 747 729 832 pollere
743 746 893 825 videtur,

77 863 324 950 posteriorque
337 860 407 925 fere
421 861 538 926 melior
552 883 606 926 res
620 861 678 926 illa
690 870 826 948 reperta

33 998 64 1041 :15
77 976 199 1065 perdit
214 985 250 1041 et
262 977 413 1040 immutat
427 971 546 1040 sensus
560 975 605 1041 ad
619 976 760 1063 pristina
781 999 947 1065 quaeque.

80 1095 129 1157 sic
145 1090 265 1156 odium
279 1091 392 1177 coepit
405 1089 554 1177 glandis,
565 1093 613 1156 sic
627 1091 683 1156 illa
697 1092 813 1157 relicta

80 1215 194 1272 strata
208 1205 329 1270 cubilia
343 1214 422 1272 sunt
435 1206 548 1272 herbis
557 1213 598 1272 et
610 1205 786 1273 frondibus
801 1216 915 1274 aucta.

80 1321 182 1412 pellis
197 1321 278 1388 item
293 1319 414 1385 cecidit
427 1321 531 1387 vestis
547 1329 739 1408 contempta
752 1323 893 1400 ferinae3

82 1457 189 1522 quam
203 1457 281 1500 reor
295 1434 421 1501 invidia
434 1436 491 1502 tali
505 1445 587 1502 tunc
603 1457 677 1502 esse
691 1445 876 1525 repmtm,

34 1573 67 1614 u,
81 1563 120 1616 ut
134 1553 244 1616 letum
257 1548 385 1615 insidiis
400 1551 457 1636 qui
471 1552 576 1637 gessit
590 1553 717 1640 primus
731 1553 856 1630 obiret,

83 1675 116 1731 et
133 1675 250 1731 tamen
264 1665 352 1729 inter
366 1686 425 1729 eos
441 1664 635 1732 distractam
648 1669 808 1755 sanguine
822 1667 927 1732 multo

84 1781 282 1868 disperiisse
294 1801 406 1866 neque
418 1781 455 1844 in
467 1781 610 1848 fructum
625 1791 824 1849 convertere
838 1783 967 1868 quisse.

84 1907 170 1961 tunc
183 1895 287 1982 igitur
301 1896 406 1981 pelles
416 1944 424 1972 ‚
434 1917 523 1962 nunc
538 1918 655 1962 aurum
669 1905 704 1962 et
717 1918 868 1986 purpura
882 1900 970 1964 curis

85 2019 248 2076 exercent
261 2009 431 2074 hominum
444 2012 546 2077 vitam
560 2012 717 2098 belloque
731 2012 889 2098 fatigant;

41 2143 68 2188 u
85 2149 155 2212 quo
170 2126 277 2212 magis
290 2126 325 2189 in
338 2126 436 2190 nobis
445 2175 454 2202 ‚
464 2132 503 2191 ut
518 2129 655 2215 opinor,
667 2129 766 2213 culpa
779 2125 921 2191 resedit.

86 2242 196 2327 frigus
212 2241 296 2304 enim
310 2238 421 2306 nudos
436 2241 507 2304 sine
522 2242 663 2327 pellibus
679 2241 896 2306 excruciabat

86 2357 293 2442 terrigenas:
304 2365 339 2420 at
352 2377 416 2420 nos
430 2356 477 2420 nil
490 2327 594 2420 laedit
607 2363 703 2420 veste
718 2375 833 2420 carere

87 2491 262 2558 purpurea
275 2482 376 2556 atque
390 2491 472 2534 auro
489 2471 658 2557 signisque
671 2469 861 2556 ingentibus
876 2477 969 2558 apta,

87 2585 170 2649 dum
184 2585 315 2674 plebeia
328 2593 440 2650 tamen
455 2586 515 2660 sit,
528 2606 614 2671 quae
629 2583 810 2650 defendere
824 2586 950 2672 possit.

11 2681 73 2762 flue.»
88 2722 172 2787 ergo
186 2700 357 2765 hominum
373 2721 479 2786 genus
493 2700 528 2765 in
543 2722 674 2766 cassum
687 2702 879 2788 frustraque
894 2701 1026 2766 laborat

11 2845 12 2906 ι
88 2837 223 2901 semper
239 2816 320 2881 etin
335 2815 422 2880 curis
438 2817 604 2880 consumit
618 2817 770 2880 inanibus
787 2839 917 2890 aevom,

11 2917 12 2938 ἢ
87 2933 124 2995 ni
139 2933 274 3007 mirum,
286 2931 364 3015 quia
377 2952 447 2995 non
462 2931 619 3016 cognovit
633 2953 720 3016 quae
734 2932 778 2995 sit
791 2929 938 2995 habendi

88 3046 165 3110 finis
181 3055 216 3110 et
231 3045 364 3110 omnino
380 3067 446 3131 quo
462 3045 505 3109 ad
521 3052 653 3108 crescat
667 3066 748 3109 vera
761 3044 935 3128 voluptas:

89 3161 195 3247 idque
209 3161 393 3226 minutatim
407 3161 508 3226 vitam
522 3158 679 3244 provexit
693 3159 727 3221 in
741 3158 845 3222 altum

34 3294 73 3336 su
89 3285 126 3340 et
140 3275 218 3340 belli
232 3296 371 3362 magnos
386 3274 564 3340 commovit
577 3272 729 3337 funditus
745 3273 893 3356 aestus]

135 3393 180 3456 At
194 3389 310 3475 vigiles
323 3388 439 3452 mundi
452 3411 606 3475 magnum
620 3387 775 3452 versatili’
788 3387 948 3473 templum

90 3508 146 3572 sol
161 3514 196 3571 et
209 3505 289 3569 luna
303 3526 364 3569 suo
379 3503 561 3569 lustrantes
576 3503 698 3568 lumine
714 3503 837 3577 circum

89 3621 301 3710 perdocuere
315 3619 466 3683 homines
482 3639 643 3682 annorum
659 3626 813 3706 tempora
826 3617 911 3681 verti

91 3745 129 3800 et
142 3743 236 3800 certa
249 3735 379 3801 ratione
393 3734 465 3819 geri
479 3754 550 3796 rem
564 3741 667 3818 atque
680 3730 799 3797 ordine
814 3737 923 3794 certo.

25 3865 74 3912 um
135 3851 205 3915 Iam
218 3848 339 3916 validis
354 3850 462 3935 saepti
477 3847 646 3933 degebant
659 3847 808 3912 turribus
823 3867 955 3916 aevom,

92 3975 129 4031 ct
143 3965 252 4031 divisa
266 3963 438 4030 colebatur
453 3961 664 4048 discretaque
680 3963 793 4037 tellus,

97 4253 164 4301 1416
183 4245 271 4318 sigilla
288 4245 299 4316 ΙΙ
320 4250 384 4298 1418
402 4243 498 4300 serina.
517 4244 527 4315 ll
548 4249 613 4298 1419
632 4261 701 4296 nunc
720 4242 730 4312 ΙΙ
751 4249 814 4295 1425
834 4243 878 4294 ina
895 4239 906 4310 ΙΙ
927 4245 991 4292 1429
1009 4239 1114 4310 plebcla
1132 4240 1142 4308 ΙΙ
1164 4245 1225 4291 1431

95 4332 124 4382 ἰιι
142 4339 279 4386 omissum.
300 4327 311 4398 ΙΙ
331 4333 396 4383 1436
415 4329 539 4382 versatile
557 4328 567 4398 ΙΙ
587 4335 653 4382 1440
671 4327 786 4397 degebat
803 4328 813 4396 ll
835 4331 896 4379 1441
918 4324 1099 4394 disceretnquc
