2970 5268
266 473 334 544 166
812 473 845 538 V

190 667 238 713 270
260 649 414 712 materies
429 650 553 712 umoris
569 647 660 713 etad
676 656 779 733 caput
793 647 944 712 amnibus
960 649 1066 710 omnis

263 763 436 838 convenit,
447 762 525 827 inde
540 784 642 850 super
656 771 765 828 terras
780 762 851 826 fluit
866 763 994 848 agmine
1011 760 1098 825 dulci

263 900 331 964 qua
344 879 398 942 via
413 886 505 942 secta
520 877 621 942 semel
634 876 762 962 liquido
778 877 865 965 pede
881 876 1000 941 detulit
1013 875 1137 940 undas.

304 995 393 1058 Aera
406 1015 495 1057 nunc
509 994 610 1079 igitur
627 991 748 1066 dicem,
761 993 818 1078 qui
832 1013 974 1079 corpore
989 999 1063 1056 toto

263 1108 547 1173 innumerabiliter
561 1108 676 1195 privas
690 1115 838 1172 mutatur
852 1108 886 1170 in
900 1107 1018 1170 horas.

192 1240 240 1285 275
263 1245 396 1308 semper
410 1224 495 1287 enim
505 1272 513 1298 ‚
525 1220 617 1308 quod
633 1216 774 1308 cumque
789 1222 861 1287 fluit
876 1221 918 1285 de
933 1223 1052 1294 rebus,
1063 1220 1099 1286 id
1114 1245 1210 1286 omne

268 1339 354 1402 aeris
368 1338 403 1402 in
417 1359 570 1424 magnum
586 1337 693 1402 fertur
706 1359 814 1413 mare;
827 1337 884 1422 qui
898 1338 960 1402 nisi
976 1346 1095 1402 contra
1132 1372 1137 1381 ·

265 1473 410 1538 corpora
425 1454 589 1518 retribuat
601 1454 704 1518 rebus
718 1459 914 1538 recreetque
929 1452 1075 1526 fluentis,

267 1569 377 1632 omnia
389 1567 453 1632 iam
468 1567 616 1634 resoluta
629 1567 742 1632 forent
757 1577 791 1632 et
805 1568 838 1631 in
854 1575 931 1632 adra
946 1589 1061 1632 versa:

264 1680 348 1746 haut
361 1683 461 1768 igitur
476 1692 586 1748 cessat
600 1683 689 1769 gigni
705 1682 748 1746 de
763 1685 864 1747 rebus
880 1683 962 1746 etin
977 1703 1032 1746 res

194 1813 243 1861 280
264 1795 452 1874 reccidere,
464 1797 604 1863 adsidue
621 1799 776 1884 quoniam
790 1797 893 1862 iluere
909 1797 1020 1861 omnia
1034 1808 1182 1862 constat.

307 1911 436 1998 Largus
450 1913 529 1978 item
544 1913 660 1999 liquidi
674 1913 751 1977 fons
766 1913 914 1988 luminis,
925 1911 1094 1976 aetherius
1109 1913 1173 1986 sol,
1270 1916 1275 1927 '

267 2026 389 2112 inrigat
404 2027 546 2092 adsidue
556 2030 687 2093 caelum
703 2028 850 2092 candore
866 2027 992 2091 recenti

268 2141 527 2229 suppeditatque
542 2167 631 2208 novo
648 2143 823 2208 confestim
838 2143 960 2206 lumine
971 2141 1099 2206 lumen.

268 2276 344 2320 nam
358 2258 498 2343 primum
513 2258 673 2346 quicquid
686 2259 825 2344 fulgoris
841 2256 983 2342 disperit
998 2257 1042 2330 ei,

196 2387 245 2432 285
268 2393 335 2456 quo
351 2395 492 2460 eumque
507 2375 644 2439 accidit.
655 2374 691 2437 id
706 2375 784 2438 lieet
798 2373 876 2437 hinc
892 2392 1098 2458 cognoscere
1113 2374 1242 2458 possis,

268 2485 362 2570 quod
376 2489 471 2552 simul
486 2511 525 2552 ac
540 2490 680 2574 primum
694 2491 800 2553 nubes
817 2486 998 2552 succedere
1014 2487 1075 2550 soli

269 2623 410 2687 coepere
427 2611 460 2666 et
474 2601 588 2666 radios
602 2604 689 2666 inter
705 2603 799 2687 quasi
814 2623 969 2688 rumpere
983 2600 1083 2678 lucis,

270 2717 436 2802 extemplo
450 2716 588 2783 inferior
602 2736 683 2802 pars
698 2717 817 2782 horum
833 2715 974 2802 disperit
989 2718 1109 2793 omnis,

269 2838 426 2916 terraque
440 2833 647 2898 inumbratur
662 2853 730 2917 qua
744 2832 845 2896 nimbi
860 2851 1001 2916 cumque
1015 2829 1182 2906 feruntur3

198 2961 247 3008 roo
269 2953 307 3008 ut
320 2968 442 3012 nosces
457 2947 637 3033 splendore
651 2971 743 3012 novo
759 2968 813 3011 res
828 2967 959 3032 semper
975 2967 1087 3032 egere,

273 3069 306 3124 et
319 3062 460 3148 primum
473 3063 596 3128 iactum
609 3063 749 3150 fulgoris
765 3085 930 3150 quemque
945 3063 1069 3150 perire.

270 3197 332 3240 nee
346 3179 477 3244 ratione
492 3179 555 3244 elia
569 3200 624 3243 res
638 3199 739 3264 posse
753 3180 788 3242 in
803 3179 874 3243 sole
889 3177 1013 3250 videri,

210 3311 216 3324 ’
269 3301 433 3377 perpetuo
448 3294 482 3356 ni
497 3292 688 3381 suppeditet
702 3294 785 3356 lueis
800 3301 900 3377 eaput
915 3293 1037 3377 ipsum.

274 3405 353 3489 quin
369 3408 466 3470 etiam
480 3415 646 3471 nocturna
660 3409 736 3486 tibi,
749 3407 923 3470 terrestria
938 3426 1023 3489 quae
1040 3417 1133 3480 sunt,

200 3535 248 3582 aee
270 3519 407 3596 lumina,
419 3519 606 3606 pendentes
620 3521 733 3607 lychni
749 3519 925 3605 claraeque
941 3521 1090 3584 coruscis

271 3633 457 3720 fulguribus
473 3635 612 3720 pingues
628 3635 730 3698 multa
745 3634 883 3720 caligine
899 3632 1019 3698 taedae

273 3749 432 3813 consimili
447 3760 634 3837 properant
646 3750 793 3826 ratione,
805 3749 926 3814 ardore
940 3749 1107 3826 ministr0‚

274 3863 489 3951 suppeditare
504 3887 625 3931 novom
641 3866 750 3929 lumen
761 3915 768 3940 ,
780 3875 922 3930 tremere
936 3866 1068 3952 ignibus
1082 3865 1225 3941 instant,

220 4037 222 4042 .
272 3979 415 4056 instant,
426 4001 489 4046 nec
502 3981 577 4046 loca
591 3981 648 4046 lux
661 3982 749 4046 inter
764 3983 861 4068 quasi
875 3989 976 4069 rupta
990 3980 1161 4066 relinquit:

202 4111 251 4157 eoo
272 4095 480 4181 usqueadeo
495 4107 718 4183 properanter
733 4099 775 4161 ab
791 4098 942 4161 omnibus
957 4096 1087 4181 ignibus
1103 4096 1132 4160 ei

276 4384 324 4430 272
343 4378 425 4431 semel
443 4387 517 4432 seete
535 4377 616 4431 sernel
644 4381 653 4447 ll
681 4387 730 4430 274
749 4397 823 4431 ores.
851 4377 861 4446 ll
889 4384 937 4430 282
957 4379 1075 4448 regenti.
1095 4379 1104 4443 ll
1124 4385 1173 4431 288
1191 4377 1307 4448 disperis
1327 4377 1337 4444 ΙΙ
1356 4385 1402 4430 291

277 4459 316 4514 Ut
334 4459 344 4528 ΙΙ
364 4467 412 4514 293
432 4459 574 4532 suppedite
594 4463 603 4530 ll
623 4461 875 4530 2951yclinill2ll⁷
895 4461 1031 4532 proferent
1436 4458 1441 4469 '
