2970 5268
203 395 273 463 104
739 393 789 462 111

197 591 302 656 quare
316 569 457 634 dissolui
470 591 606 655 quoque
621 568 746 634 debent
760 589 862 654 posse
876 589 938 654 per
953 571 1063 637 artus.

197 683 343 770 denique
357 691 396 749 ut
409 683 575 749 intereant
589 705 744 748 unacum
759 705 904 772 corpore
920 691 1073 748 cunctae.

125 815 175 862 760
197 799 249 864 sin
263 800 387 864 animas
401 799 571 864 hominum
586 798 700 864 dicent
713 799 745 863 in
762 819 907 885 corpora
920 820 1052 885 semper

198 915 246 980 ire
260 913 422 990 humana,
433 923 543 979 tamen
559 936 717 1000 quaeram
732 936 791 978 cur
806 935 824 978 e
840 915 983 1000 sapienti

199 1029 302 1094 stulta
316 1039 418 1116 queat
431 1030 500 1094 lieri
511 1078 519 1106 ‚
529 1051 592 1092 nec
607 1027 755 1116 prudens
770 1031 813 1094 sit
828 1051 912 1115 puer
926 1028 1027 1104 ullae,
1088 1118 1092 1124 ι

126 1161 176 1207 764
198 1165 260 1208 nec
275 1153 343 1208 tam
358 1142 478 1209 doctus
494 1165 600 1228 equae
616 1144 726 1230 pullus
741 1165 841 1228 quam
855 1144 953 1208 fortis
968 1146 1046 1230 equi
1060 1145 1133 1209 vis?

199 1259 324 1324 scilicet
333 1308 341 1334 ‚
350 1261 385 1323 in
399 1267 516 1324 tenero
532 1269 742 1322 tenerascere
758 1279 902 1346 corpore
915 1259 1060 1322 mentem

201 1372 410 1460 confugient.
424 1371 516 1459 quod
531 1374 559 1437 si
573 1374 638 1437 iam
651 1373 706 1447 fit,
718 1372 846 1438 fateare
859 1382 1033 1438 necessest

201 1489 372 1553 mortalem
387 1509 461 1552 esse
476 1488 634 1562 animam,
646 1487 803 1572 quoniam
817 1496 946 1551 mutata
960 1509 1021 1573 per
1035 1496 1128 1552 artus

202 1613 297 1668 tanto
313 1624 414 1688 opere
430 1603 551 1666 amittit
564 1602 667 1665 vitam
682 1622 884 1686 sensumque
899 1603 1060 1688 priorem.

202 1739 313 1803 quove
327 1716 429 1780 modo
445 1716 570 1804 poterit
583 1717 708 1803 pariter
723 1738 799 1779 cunr
813 1737 956 1802 corpore
973 1735 1108 1802 quoque

130 1849 179 1896 770
202 1832 395 1896 confirmata
410 1831 558 1916 cupitum
573 1832 693 1896 aetatis
708 1839 846 1916 tangere
860 1829 977 1894 florem

202 1947 252 2010 vis
268 1947 364 2011 animi
374 1995 382 2022 ‚
393 1947 456 2011 nisi
471 1947 534 2012 erit
548 1968 688 2012 consors
702 1947 737 2010 in
752 1946 879 2032 origiue
893 1945 1022 2032 prima?

202 2061 326 2148 quidve
340 2061 430 2126 foras
445 2062 508 2126 sibi
521 2063 594 2126 vult
608 2063 762 2126 membris
777 2061 868 2124 exire
883 2032 1050 2124 senectia?

202 2197 246 2241 an
259 2177 376 2242 metuit
391 2178 549 2242 conclusa
563 2198 697 2240 manere
711 2176 745 2240 in
761 2197 904 2262 corpore
920 2176 1026 2261 putri.

203 2299 239 2357 et
253 2291 371 2356 domus
387 2294 505 2358 aetatis
520 2293 630 2379 spatio
645 2312 687 2355 ne
701 2292 792 2355 fessa
805 2300 940 2356 vetusto

131 2423 180 2470 775
203 2406 348 2472 obruat?
359 2416 394 2472 at
407 2429 476 2472 non
491 2415 571 2470 sunt
584 2406 758 2470 immortali
774 2405 840 2470 ulla
854 2405 993 2492 pericla.

246 2521 398 2605 Denique
414 2521 558 2584 conubia
572 2518 617 2582 ad
633 2519 774 2584 Veneris
787 2529 972 2606 partusque
986 2519 1131 2585 ferarum

205 2657 279 2699 osse
294 2633 419 2710 animas
434 2643 548 2720 presto
565 2633 784 2698 deridiculum
798 2656 872 2698 esse
888 2634 1036 2710 videtur,

205 2757 384 2834 expectare
398 2748 591 2813 immortalis
606 2749 757 2814 mortalia
771 2750 918 2814 membra

203 2865 376 2928 innumero
391 2883 547 2940 numero,
559 2875 755 2952 certareque
770 2874 1073 2952 praeproperanter

132 2995 181 3042 tao
195 2971 289 3043 'inter
304 3001 341 3044 se
356 3001 442 3066 quae
456 2979 562 3066 prima
576 2981 816 3068 potissimaque
830 2983 1032 3053 insinuetur:

205 3095 233 3158 si
247 3117 315 3159 non
330 3095 417 3159 forte
431 3095 479 3160 ita
493 3106 572 3160 sunt
586 3098 767 3162 animarum
781 3095 919 3161 foedera
933 3105 1049 3181 pacta,

204 3218 243 3275 ut
258 3231 343 3294 quae
358 3211 463 3295 prima
477 3210 595 3274 volans
610 3212 784 3276 advenerit
797 3213 982 3276 insinuetur

205 3325 326 3410 prima,
337 3345 447 3409 neque
461 3326 548 3388 inter
563 3347 599 3387 se
615 3324 822 3390 contendant
837 3326 962 3388 viribus
977 3325 1096 3390 hilum.

246 3437 399 3523 Denique
412 3439 447 3502 in
462 3439 598 3502 aethere
612 3459 682 3502 non
696 3439 814 3515 arbor,
825 3461 893 3502 non
907 3462 1055 3526 aequore
1069 3441 1159 3506 salso

132 3571 181 3618 785
203 3553 309 3618 nubes
325 3575 398 3616 osse
414 3561 556 3638 queunt,
567 3573 630 3615 nec
644 3553 754 3637 pisces
770 3554 882 3618 vivere
896 3556 929 3620 iu
945 3557 1050 3631 arvis,
1148 3545 1156 3556 ’

206 3689 268 3730 nec
284 3689 382 3730 cruor
396 3667 431 3730 in
445 3667 541 3752 lignis
555 3687 665 3752 neque
680 3670 769 3732 saxis
783 3691 883 3734 sucus
898 3670 1024 3734 inesse.

207 3789 331 3846 certum
347 3803 386 3845 ac
402 3780 634 3867 dispositumst
647 3783 703 3846 ubi
719 3784 870 3871 quicquit
884 3792 1014 3850 crescat
1029 3793 1064 3849 et
1077 3785 1171 3848 insit.

206 3897 255 3960 sio
269 3897 367 3960 animi
381 3904 501 3961 nature
515 3899 631 3984 nequit
645 3898 716 3961 sine
732 3921 874 3986 corpore
889 3900 968 3964 oriri

207 4010 279 4074 sola
293 4032 403 4096 neque
418 4033 438 4074 a
452 4014 564 4076 nervis
578 4023 613 4077 ct
627 4015 788 4098 sanguine
803 4015 946 4099 longiter
961 4033 1050 4076 esse.

211 4297 260 4344 760
279 4293 323 4344 Sic
343 4293 353 4360 11
371 4311 483 4363 corporo
504 4294 513 4362 11
533 4301 691 4348 7632746.
720 4295 731 4360 11
760 4291 921 4361 76411a111us
949 4293 959 4360 11
987 4301 1035 4346 775
1055 4296 1106 4347 ium
1124 4294 1229 4348 mortali
1252 4296 1263 4365 11
1288 4301 1341 4348 784

211 4376 236 4426 iu
256 4374 322 4428 alto.
351 4373 360 4446 11
390 4383 436 4430 785
457 4376 537 4430 Nube¹
561 4377 573 4447 11
601 4384 649 4430 789
669 4376 774 4444 longius
