3034 5198
702 441 734 510 Il
1205 443 1269 512 121
1324 519 1327 526 ,

159 619 278 684 barum
295 663 303 680 .
326 637 400 680 nam
415 624 496 701 post
511 615 585 681 Cur.
600 615 730 681 Ludov.
747 615 919 680 Struvium
934 637 998 703 ego
1013 615 1058 682 ad
1072 616 1206 702 Ulpiani
1219 639 1272 684 re-

160 716 313 802 gularum
335 715 469 780 titulum
484 717 542 790 x,l
568 723 602 780 et
623 716 658 780 in
680 735 770 778 novo
790 736 905 780 museo
920 715 1086 780 Rhenano
1108 739 1147 779 111
1169 718 1272 800 puls

162 813 263 878 docui
277 815 415 877 caeditur
428 815 517 878 suendi
534 813 655 899 hisque
675 812 795 877 similia
815 813 941 897 primos
956 835 999 879 ex
1013 815 1062 878 eis
1077 835 1163 900 quos
1177 817 1272 881 novi·

161 933 236 976 mus
245 908 469 994 scriptoribus
480 911 658 997 Ulpianum
669 910 851 976 etPaulum
861 911 985 977 dixisse
996 915 1153 998 ,perditur
1161 923 1271 978 autem

160 1031 224 1094 pro
236 1011 320 1094 perit
334 1009 468 1074 omuino
483 1009 610 1074 nullum
625 1059 632 1074 .
656 1008 854 1074 exciderant
873 1009 951 1074 mibi
969 1017 1040 1074 tum
1054 1009 1098 1075 de
1113 1013 1272 1076 memorie

160 1127 281 1171 versus
292 1105 446 1181 Afranii,
466 1128 552 1193 quos
563 1108 718 1174 Donatus
729 1107 867 1171 exbibet
877 1106 923 1171 ad
934 1106 1084 1172 Terentii
1095 1108 1272 1194 Adelphos

160 1224 210 1280 ιιι,
219 1206 248 1281 4,
257 1205 299 1270 34
312 1206 360 1268 ita
375 1205 539 1290 scriptos,
550 1206 599 1286 Is,
610 1217 644 1272 ut
655 1228 811 1272 emmaum
825 1216 929 1292 captio
943 1206 1156 1293 est,sacillime
1170 1209 1272 1272 Domo
1349 1199 1367 1226 '

160 1313 252 1390 atqcue
264 1303 504 1390 uerbosamiliu
513 1306 732 1390 provendicius-5
741 1305 777 1368 in
791 1304 912 1390 quibus
923 1303 1148 1370 Neulrirchiur
1164 1304 1207 1370 de
1221 1304 1271 1370 fa·

159 1401 249 1465 bulis
265 1403 391 1488 togatis
409 1425 441 1487 p.
451 1400 512 1466 252
524 1423 597 1466 cum
610 1402 693 1468 dicit
703 1423 819 1466 verum
832 1423 906 1467 esse
908 1403 1073 1490 facillume
1074 1404 1205 1490 faenilia
1210 1428 1271 1489 pro

159 1500 298 1564 readimr
312 1548 322 1580 ,
337 1499 377 1564 id
399 1521 475 1564 sese
489 1500 684 1587 intellegere
700 1499 866 1586 significat
881 1499 975 1584 quod
987 1499 1068 1564 mihi
1083 1509 1136 1564 est
1150 1502 1271 1566 obscu-

160 1597 326 1662 tissimum
342 1645 349 1660 .
364 1598 497 1662 interim
519 1605 647 1662 eertum
670 1604 724 1662 est
744 1618 855 1684 nequo
876 1597 1016 1662 Afranio
1037 1600 1176 1664 venditur
1190 1621 1269 1664 cou-

159 1696 295 1771 venire,
309 1717 420 1780 nequo
438 1697 607 1761 cmduutur
621 1695 770 1760 Varroni
789 1716 901 1760 rerum
920 1697 1121 1760 rusticarum
1139 1719 1187 1772 111,
1197 1697 1271 1773 7‚9,

160 1815 270 1878 nequo
284 1793 428 1858 Horatio
437 1795 583 1878 perditur
604 1843 612 1856 .
636 1793 727 1858 huuc
740 1793 843 1879 igitur
858 1792 930 1857 dixi
942 1793 977 1858 in
992 1815 1182 1860 sermonum
1196 1815 1233 1871 11,
1241 1795 1270 1873 6,

161 1891 201 1956 59
215 1892 392 1976 scripsisse
406 1891 514 1956 videri
530 1893 675 1978 Porpiuar
688 1892 764 1958 Iaucc
777 1893 855 1956 iuter
866 1893 977 1956 misero
992 1895 1046 1958 liae
1053 1919 1066 1974 ,-
1076 1894 1130 1958 cui
1144 1894 1271 1958 similli-

160 2011 247 2054 mum
266 1997 318 2054 est
334 1991 428 2074 quod
443 1988 585 2054 Ovidius
604 1991 640 2053 in
660 1989 882 2074 metamorph.
892 2012 935 2061 ιν,
947 1991 1006 2054 199
1021 1993 1126 2056 solem
1141 1992 1270 2058 Leuco-

161 2088 260 2153 thotis
275 2109 390 2152 amoro
405 2095 541 2171 captum
555 2088 813 2152 tornati-mnatre
821 2090 996 2171 porrexisse
1010 2087 1104 2174 lingit
1119 2137 1126 2151 .
1141 2089 1203 2153 sed
1218 2111 1270 2154 re·
1306 2112 1310 2118 ·

160 2186 296 2251 cordari
309 2184 474 2248 debebam
486 2207 503 2247 e
514 2185 663 2249 Lucretii
673 2206 774 2248 versu
788 2191 857 2246 tam
872 2183 1006 2248 foedam
1021 2185 1176 2250 mendam
1188 2208 1208 2250 a
1218 2210 1271 2253 me

158 2285 225 2346 iam
247 2290 326 2346 ante
348 2282 537 2368 complures
560 2303 667 2346 annos
689 2282 856 2348 sublatam
872 2303 969 2360 esse3
991 2283 1107 2368 inquo
1123 2283 1271 2350 dubitari

159 2402 229 2445 non
250 2387 367 2465 potest
388 2379 469 2464 quin
490 2399 510 2442 a
529 2384 633 2463 poita
651 2377 755 2444 fuerit
769 2399 1051 2444 nrsrnnorrun
1068 2403 1076 2443 ε
1096 2379 1163 2446 hoc
1184 2385 1270 2448 enim

158 2499 241 2541 usus
254 2485 306 2542 est
315 2478 350 2540 in
362 2475 455 2552 1‚309
465 2499 514 2548 ιιι,
523 2475 584 2542 539
596 2499 640 2550 ιν,
649 2475 711 2540 395
728 2524 735 2538 .
753 2475 964 2563 vix‘dignum
984 2477 1094 2542 relatu
1112 2489 1164 2560 est
1180 2481 1215 2544 in
1226 2503 1270 2557 vr,

159 2576 220 2640 593
229 2575 430 2662 quadratum
439 2575 566 2640 habero
574 2574 788 2660 DbpcrdituQ
797 2581 831 2638 ot
841 2569 1143 2662 Guelferbytauum
1149 2577 1271 2644 librum

160 2673 295 2738 saeculo
317 2675 448 2738 decimo
464 2672 628 2760 scriptum
641 2671 676 2736 in
692 2671 843 2737 secunda
857 2672 903 2737 ad
918 2671 1109 2760 Corinthios
1126 2675 1270 2762 epistula

158 2795 220 2846 ιιιι,
230 2773 267 2837 15
276 2795 369 2858 super
378 2773 527 2858 iuperdor
537 2791 602 2855 pro
613 2771 780 2856 iopeudcr.
795 2772 861 2835 iam
873 2793 955 2836 vcro
967 2772 1002 2836 in
1012 2773 1088 2856 ipsa
1097 2795 1136 2837 re
1148 2772 1191 2837 de
1203 2796 1270 2860 qua

158 2875 262 2954 poeta
275 2872 363 2956 agit,
378 2891 448 2935 non
460 2868 601 2934 multum
615 2869 781 2943 interest,
802 2870 977 2934 distructum
992 2881 1035 2933 est
1047 2870 1179 2955 legatur
1194 2893 1270 2936 cum

158 2969 362 3034 membranis
382 2977 417 3032 et
430 2967 525 3030 Italis
545 2975 579 3030 et
594 2965 674 3029 olim
691 2965 864 3049 impressis
884 3011 892 3040 ‚
916 2965 1044 3029 scilicet
1066 2990 1178 3030 omum
1197 3015 1205 3042 ‚
1227 2990 1270 3033 an

158 3067 319 3130 distractu
333 3071 463 3128 mutata
477 3063 640 3127 orationis
654 3061 781 3136 forma,
793 3071 830 3126 ut
844 3061 1009 3126 Marullus
1025 3070 1060 3126 et
1073 3063 1270 3138 Lambinus,

157 3165 226 3226 hoc
241 3161 342 3226 modo
361 3199 369 3235 ι
399 3162 482 3250 uiſse
494 3160 546 3224 uti
559 3161 592 3222 ιἰι
602 3181 719 3244 paruus
727 3162 830 3244 partis
844 3161 1025 3245 dirumpitur
1035 3181 1168 3240 curma,
1188 3161 1270 3226 Pur-

155 3283 240 3348 pura
248 3262 471 3346 poeniceusque
486 3259 569 3322 color
582 3258 761 3322 claru'osimu'
775 3259 868 3322 ruulto
883 3256 1007 3322 diuum
1028 3281 1096 3322 cion
1111 3257 1271 3324 maauaie

158 3359 344 3444 disperditur
364 3359 490 3422 omnis.
520 3356 609 3422 idem
637 3357 723 3421 enim
745 3365 925 3433 remanet,
954 3379 1029 3422 cum
1057 3357 1271 3444 discerpatur

159 3477 296 3530 aurum,
316 3475 500 3541 purpuram
515 3462 550 3520 et
564 3455 712 3519 colorem
725 3455 903 3541 puniceum
919 3455 1068 3542 dispergi
1082 3464 1117 3519 et
1131 3477 1270 3522 evanes-

160 3573 256 3618 cere:
278 3552 364 3616 haec
379 3560 492 3618 autem
513 3554 602 3617 inter
623 3573 699 3616 seso
713 3574 782 3617 non
798 3554 981 3618 cohaerere
996 3560 1030 3618 ct
1044 3555 1116 3618 αιιιι·
1130 3555 1270 3619 mentio·

159 3671 234 3714 nem
249 3657 386 3735 praeter
400 3671 469 3714 rem
481 3651 551 3714 fieri
564 3650 672 3736 quivis
683 3651 878 3737 intellegere
891 3657 1006 3738 potest
1015 3701 1022 3714 .
1031 3672 1141 3735 neque
1152 3651 1270 3718 melius

160 3748 217 3832 qui
231 3747 387 3812 fecerunt
401 3747 469 3812 duo
484 3749 634 3812 membra
650 3796 659 3823 ,
681 3755 720 3813 ut
736 3750 900 3814 Aventius
916 3798 924 3825 ,
952 3751 990 3814 Ut
994 3750 1037 3837 fit
1048 3750 1101 3812 ubi
1114 3749 1272 3832 iuparooe

154 3847 255 3931 partis
269 3847 451 3931 discerpitur
464 3867 601 3908 murrum:
625 3845 705 3908 item
720 3845 870 3930 Purpura
877 3847 1100 3932 poetriceusque
1114 3846 1215 3926 color,
1233 3887 1267 3898 -

161 3942 285 4007 hilerim
300 3966 368 4006 curu
383 3943 580 4015 domabitur,
595 3942 780 4026 disperditio
794 3945 914 4017 mauu,
937 3950 996 4006 aut
1011 3950 1049 4006 ut
1062 3942 1270 4028 Naugerius,

160 4039 218 4123 qui
234 4041 419 4104 orationem
435 4041 502 4104 hoc
517 4039 620 4103 modo
636 4037 791 4102 distinxit
810 4087 818 4118 ,
841 4048 879 4104 ut
894 4063 963 4104 curn
977 4042 1138 4119 distrucm
1151 4041 1201 4106 ita
1216 4064 1270 4107 ce-

159 4137 318 4220 piendum
341 4159 417 4202 esse
437 4137 605 4202 indiceret
620 4184 627 4210 ,
643 4159 712 4200 cruu
735 4137 895 4201 distractu
917 4151 980 4203 est.
1004 4137 1162 4204 hisvero
1184 4162 1271 4204 unus

158 4235 247 4298 inter
270 4255 386 4298 omnes
402 4233 633 4300 Wakefieldus
648 4241 741 4299 recte
758 4235 952 4320 negavit-us
974 4237 1088 4302 colore
1110 4237 1183 4300 auri
1204 4237 1271 4301 hoc

160 4351 277 4396 verum
293 4353 367 4396 esse
382 4379 389 4406 ,
406 4334 499 4417 quod
514 4331 665 4406 dicatur,
681 4354 755 4396 cum
771 4331 985 4418 discerpatur
1000 4355 1135 4407 aurum,
1151 4357 1271 4399 ecatus-

161 4453 229 4494 cere
238 4431 390 4515 perstatim
399 4433 585 4516 stirrpuique.
600 4431 655 4495 hic
666 4431 768 4516 igitur
781 4431 995 4500 scribendum
1008 4431 1211 4497 existimavit
1221 4433 1273 4496 ubi
