2970 5268
297 445 365 514 126
825 447 889 518 llll

293 621 411 698 multa,
423 621 573 686 dolorem
588 621 693 687 oculis
707 641 793 707 queo
807 622 949 708 gignunt
961 621 1176 690 insinuando.

291 734 400 801 lurida
413 746 590 825 praeterea
603 737 687 802 fiunt
700 757 788 822 quae
803 757 944 822 cumque
959 746 1094 803 tuentur

291 852 439 937 arquati‚
455 853 533 938 quia
546 851 668 916 luroris
683 850 726 917 de
741 873 885 940 corpore
899 873 1014 918 eorum

292 967 417 1031 semina
430 968 534 1033 multa
546 967 654 1033 fluunt
667 966 850 1032 simulacris
865 966 964 1032 obvia
977 987 1103 1044 rerum,

219 1097 268 1145 500
291 1082 461 1168 multaque
476 1092 554 1147 sunt
568 1083 673 1148 oculis
687 1082 722 1145 in
737 1101 850 1146 eorum
866 1079 1010 1166 denique
1023 1083 1140 1156 mixto,

292 1219 378 1283 quae
393 1206 535 1283 contage
549 1216 611 1262 sua
624 1195 807 1281 palloribus
822 1196 932 1260 omnia
946 1197 1102 1282 pingunt.

291 1334 310 1376 e
324 1313 471 1377 tenebris
486 1321 595 1377 autem
610 1331 696 1397 quae
711 1310 834 1376 suntin
850 1312 924 1376 luce
939 1319 1070 1377 tuemur

289 1427 471 1514 propterea
486 1427 581 1513 quia,
592 1447 666 1490 cum
681 1426 820 1512 propior
834 1426 983 1514 caliginis
998 1433 1056 1492 atr

288 1551 361 1608 ater
373 1542 436 1606 init
450 1540 564 1605 oculos
579 1541 671 1625 prior
686 1547 721 1604 et
735 1539 889 1626 possedit
903 1551 1057 1628 apertos,

216 1672 265 1721 015
283 1657 470 1743 insequitur
485 1653 634 1720 candens
649 1653 825 1720 confestim
839 1655 968 1720 lucidus
982 1663 1054 1732 030,

289 1771 345 1857 qui
360 1771 456 1857 quasi
470 1779 594 1856 purgat
607 1789 666 1834 eos
680 1789 721 1834 ac
733 1769 846 1856 nigras
860 1768 999 1836 discutit
1011 1771 1145 1836 umbras

287 1887 374 1952 aeris
387 1886 473 1950 illius
482 1909 490 1950 z
500 1906 577 1950 nam
591 1885 704 1950 multis
718 1885 869 1971 partibus
883 1885 939 1950 hio
954 1893 1005 1950 est

285 2000 439 2066 mobilior
453 1989 631 2086 multisque
645 1999 802 2065 minutior
817 2007 851 2064 et
864 2020 959 2086 mage
973 1999 1119 2086 pollens.

287 2116 345 2202 qui
358 2115 453 2179 simul
468 2123 570 2201 atque
583 2114 655 2178 vius
670 2114 842 2179 oculorum
856 2114 930 2178 luce
943 2113 1085 2200 replevit

214 2246 263 2295 ³20
285 2237 386 2316 atque
401 2229 590 2316 patefecit,
605 2247 689 2315 quas
704 2236 781 2294 ante
795 2227 976 2293 obsederat
990 2236 1079 2302 ater,

286 2351 364 2409 aera
378 2339 536 2409 continno
551 2363 662 2408 rerum
675 2343 852 2409 simulacra
866 2351 1038 2418 secuntur,

286 2478 372 2545 ques
385 2458 451 2522 sita
464 2458 591 2524 suntin
604 2458 695 2533 luce,
706 2457 942 2544 lacessuntque
956 2466 995 2523 ut
1007 2456 1193 2525 videamus.

212 2589 261 2636 018
283 2570 377 2658 quod
391 2572 634 2636 contrafacere
648 2571 682 2634 iu
696 2571 843 2636 tenebris
859 2571 966 2635 eluoe
980 2574 1154 2658 nequimus

282 2694 466 2772 propterea
479 2686 558 2771 quia
571 2685 740 2773 posterior
755 2684 902 2771 caliginis
917 2691 974 2750 atr

212 2817 260 2865 050
282 2800 427 2865 crassior
441 2799 643 2885 insequitur,
654 2799 711 2886 qui
726 2806 847 2864 cuncto
859 2799 1023 2864 foramina
1036 2803 1181 2888 complet

225 2949 228 2954 ·
283 2914 475 3001 obsiditque
489 2915 560 2980 vias
575 2915 763 2992 oculorum,
773 2935 817 2979 ne
830 2915 1005 2980 simulacra

280 3032 413 3117 possint
426 3031 567 3096 ullamm
580 3051 692 3096 rerum
706 3031 858 3096 coniecta
871 3051 1020 3096 movere.

283 3144 533 3233 quadratasque
547 3147 665 3233 procul
681 3146 783 3210 turris
798 3167 871 3210 cum
887 3147 1050 3210 cernimus
1064 3147 1172 3219 urbis,

280 3270 463 3348 propterea
475 3260 513 3325 fit
526 3262 575 3325 uti
589 3260 767 3324 videantur
781 3281 882 3346 saepe
896 3259 1076 3336 rotundae,

209 3391 257 3436 055
281 3375 421 3461 angulus
437 3382 581 3461 optusus
596 3375 674 3459 quia
688 3373 786 3458 longe
802 3374 947 3438 cernitur
961 3375 1084 3448 omnis,

201 3494 210 3574 'p
280 3489 351 3554 sive
366 3489 463 3554 etiam
476 3488 589 3575 potius
604 3507 673 3551 non
687 3487 833 3550 cernitur
847 3507 887 3551 ac
900 3487 988 3571 perit
1002 3488 1073 3552 eius

278 3603 378 3690 plaga
391 3625 453 3668 nec
468 3601 512 3666 ad
526 3609 660 3666 nostras
675 3601 763 3666 acies
777 3601 961 3688 perlabitur
974 3604 1075 3678 iotus,

279 3724 358 3783 atra
371 3739 432 3804 per
446 3716 583 3781 multum
600 3715 678 3802 quia
692 3715 771 3780 dum
786 3716 960 3782 simulacra
973 3718 1141 3792 feruntur,

279 3832 370 3918 cogit
383 3831 564 3896 hebescere
580 3853 653 3896 eum
669 3831 794 3896 crebris
809 3831 989 3898 offensibus
1004 3839 1075 3897 atr.

206 3963 255 4010 eoo
277 3945 344 4011 hoc
357 3948 414 4013 ubi
429 3947 565 4033 suffugit
578 3967 711 4012 sensum
727 3947 822 4012 simul
837 3947 977 4033 angulus
993 3948 1113 4021 omnis,

177 4267 181 4272 '
279 4266 328 4314 309
343 4261 429 4315 moult
464 4263 474 4330 l}
506 4267 554 4315 313
572 4264 696 4332 proprior
715 4263 725 4332 ΙΙ
744 4267 793 4316 317
811 4261 889 4315 ullius
909 4262 919 4330 ll
938 4267 986 4314 321
1006 4263 1231 4318 Abraomieaum.
1251 4264 1261 4331 ΙΙ
1280 4269 1327 4316 351
1349 4264 1411 4318 Ob-

279 4343 343 4398 sidit
361 4345 422 4415 quia
447 4345 458 4414 ΙΙ
485 4349 675 4399 35200010010
694 4348 807 4400 moveri.
834 4347 844 4415 l}
872 4351 921 4397 355
940 4351 1049 4415 optutus
1078 4347 1090 4415 ll
1117 4352 1165 4400 357
1185 4345 1284 4416 Plogss
1310 4349 1321 4414 {l
1349 4357 1411 4402 atos

279 4427 423 4482 derinbitur
