3034 5198
688 499 719 567 u
908 515 912 522 ·
1192 501 1262 570 117
1321 579 1329 592 ,

230 670 300 735 730.
323 691 400 734 sao
422 693 552 736 nunes
573 695 746 750 cunsrrn
768 673 1258 750 nnsons.1niibrorrr‚4i9‚

150 769 323 856 Coeqeisim
337 770 391 832 dio
405 791 591 856 uuacrqee
605 779 724 856 reperta
739 772 858 836 labore.
875 771 1022 836 fortasse
1037 772 1139 836 scribi
1155 773 1259 838 debet

146 867 264 929 deieci:
275 866 336 930 sed
352 868 394 930 ab
410 868 614 931 auctoritate
629 869 736 953 magis
748 869 863 933 valent
873 869 972 933 ommi
987 877 1021 934 et
1036 871 1108 934 talei
1121 870 1155 934 in
1171 869 1256 936 libro

144 963 281 1038 vanna
298 963 393 1027 1251.

228 1060 299 1124 734.
318 1060 422 1124 era
442 1083 570 1125 Arrun
592 1083 769 1137 ouauvrs
792 1085 867 1138 oua
890 1085 992 1128 sunr
1013 1087 1165 1128 rasura
1187 1089 1255 1129 co-

144 1179 164 1220 r
173 1179 246 1222 oar
256 1207 263 1221 .
274 1159 354 1223 Nice
365 1159 548 1245 oblongus,
560 1159 675 1244 itaque
686 1161 853 1225 Antonius
864 1161 964 1226 Marii
972 1210 981 1240 ,
989 1162 1173 1226 Brixiensis
1186 1161 1256 1226 edi·

143 1255 193 1320 tio
209 1256 312 1320 Huic:
327 1257 413 1322 Neue
428 1255 615 1342 quadratus
631 1265 665 1322 et
680 1259 800 1322 ceteri.
815 1260 850 1322 in
866 1259 952 1323 libro
968 1282 1016 1334 ιιι,
1025 1257 1087 1322 286
1101 1261 1149 1324 Ni
1164 1268 1255 1324 vete·

143 1375 201 1418 res
215 1361 251 1417 et
264 1353 457 1430 Antonius‚·
478 1354 633 1441 impressi
651 1356 703 1421 Ne
723 1405 731 1420 .
753 1356 948 1421 observavit
968 1355 1088 1420 hocin
1108 1363 1255 1441 utroque

145 1452 222 1516 loco
236 1452 418 1518 Lambinus
435 1477 442 1530 3
464 1451 557 1538 quod
576 1453 663 1540 fugit
676 1453 846 1530 Handium
866 1455 901 1518 in
915 1454 1098 1519 Tursellini
1112 1462 1204 1518 tomo
1221 1475 1257 1516 ιν

145 1573 177 1636 p.
191 1550 268 1622 185,
291 1553 449 1635 quoniam
470 1551 536 1615 hoc
558 1551 726 1616 saeculum
749 1553 892 1617 avaritia
912 1553 1125 1619 librariorum
1147 1553 1256 1616 nutrit

144 1645 318 1732 Forbigeri
333 1648 492 1714 sordibus
509 1698 516 1724 ‚
539 1650 596 1735 qui
609 1657 772 1734 poterant
785 1650 890 1714 multo
911 1651 1038 1715 rectius
1052 1649 1205 1714 Lambini
1221 1659 1257 1712 et

145 1743 299 1810 Creechii
331 1748 590 1812 commentarios
617 1747 785 1833 huiusque
811 1748 1034 1834 paraphrasin
1064 1748 1254 1812 recurrisse.
1307 1819 1313 1834 κ

143 1845 253 1928 ipsum
268 1845 334 1909 hoc
348 1849 382 1909 ai
393 1845 525 1910 Catullo
534 1847 667 1910 restitui
678 1869 745 1921 uxr,
758 1848 832 1912 153.
847 1847 1015 1910 Pacuvius
1026 1847 1060 1911 in
1071 1846 1256 1910 Duloreste

137 1944 277 2028 primam
298 1943 354 2008 bec
376 1943 429 2008 obs
447 1955 473 2008 le
492 1966 569 2023 ore,
589 1946 623 2006 ai
635 1967 683 2007 me
705 1945 811 2028 (ramis
827 1943 920 2030 apud
935 1943 1079 2008 Nonium
1093 1965 1125 2028 p.
1139 1942 1254 2026 lace)
1284 1975 1286 1986 .

143 2041 359 2106 inexorabilem
374 2041 489 2104 bimis:
504 2043 538 2102 m'
557 2043 703 2126 torpueris
723 2044 897 2105 vanitudine
912 2053 1039 2104 aetatem
1053 2051 1157 2112 mom,
1175 2040 1238 2103 Oro
1246 2087 1255 2118 ,

142 2139 209 2202 niae
228 2140 290 2222 (mi
304 2161 342 2200 ae
356 2137 447 2222 apud
462 2137 608 2202 Nonium
623 2138 734 2222 p.160,
747 2139 802 2222 11)
818 2142 935 2224 plectae
947 2139 1044 2225 fandi
1065 2141 1107 2200 mi
1121 2138 1255 2223 prolici-

142 2237 278 2300 tudinem
299 2285 305 2298 .
328 2236 363 2298 in
386 2241 537 2299 extrema
563 2242 661 2320 parte
675 2257 796 2300 versus
810 2239 941 2301 coleron
953 2235 1122 2299 Antonius
1144 2243 1178 2298 et
1195 2235 1254 2297 im-

143 2332 271 2416 pressi.
284 2329 346 2394 sed
360 2333 489 2396 colorem
499 2333 612 2396 imberto
621 2333 803 2398 Lambinus
812 2333 932 2397 Latine
944 2332 1010 2397 dici
1022 2353 1125 2418 posse
1136 2342 1254 2417 negat,

55 2449 61 2458 ·
142 2427 1255 2515 WakefieldussibisaepissimelectumaitOEorbigernotissimunr:

142 2528 210 2594 utri
226 2526 315 2613 parti
330 2525 485 2603 creditis,
502 2527 679 2607 Quirites?
705 2528 928 2594 Forcsllinum
945 2528 1099 2592 Charisia
1115 2536 1255 2592 auctore

142 2645 238 2690 usum
254 2645 329 2690 csse
344 2626 432 2690 scio:
448 2625 558 2691 sedin
572 2625 672 2690 huius
689 2626 775 2692 libro
789 2649 812 2690 v
826 2651 858 2714 p.
868 2626 930 2691 266
943 2626 1196 2691 Lindemannus
1211 2645 1255 2688 ex

144 2724 261 2789 codice
272 2744 341 2788 non
353 2724 457 2789 Imbria
469 2722 583 2798 dedit,
596 2723 656 2788 sed
667 2724 902 2811 Indeopaeraem
912 2726 1069 2790 rubricam
1077 2735 1106 2789 et
1112 2725 1253 2788 metrice.

142 2823 257 2907 itaque
266 2821 450 2888 Lambinus
462 2823 599 2907 scripsit
612 2825 720 2888 indam
734 2826 864 2888 eobrem
872 2849 884 2904 ,·
895 2824 948 2887 cui
964 2821 1189 2887 emendationi
1203 2829 1254 2884 ta·

142 2941 217 2984 men
232 2941 302 2984 non
316 2921 399 2985 satis
413 2919 493 2984 fidei
507 2920 589 2983 facit
603 2919 697 3006 quod
711 2919 944 2992 Wakefieldus
964 2941 1006 2983 ex
1021 2918 1133 2982 Ovidii
1149 2925 1255 2981 meta·

142 3018 370 3103 morphoseon
382 3016 474 3093 1‚270
486 3017 615 3090 attulit,
629 3015 752 3081 Nomio
762 3018 889 3080 henosis
903 3017 1004 3079 verior
1018 3017 1125 3078 indata
1139 3015 1255 3077 colores

145 3116 283 3200 Concipit
296 3115 358 3178 Iria
373 3136 471 3200 aqum
488 3139 498 3175 .·
519 3133 595 3176 nam
616 3110 661 3175 ibi
681 3111 745 3176 dea
759 3120 887 3175 vestem
903 3112 1086 3196 sumpsisse
1100 3109 1254 3195 fingitur,

141 3223 182 3279 ut
198 3213 331 3276 Hector
345 3209 559 3296 Vergilianus
581 3209 705 3272 esuries
726 3210 848 3282 indutas
866 3207 1001 3288 Achilli,
1023 3227 1097 3270 cum
1118 3225 1178 3269 eae
1198 3225 1254 3268 res

142 3331 230 3400 quas
244 3308 423 3372 Lucretius
438 3306 520 3370 dicit
533 3307 628 3392 ipsae
643 3327 680 3371 se
695 3306 867 3370 coloribus
881 3306 1023 3370 tinxisse
1043 3324 1112 3368 non
1133 3309 1254 3390 poten·

143 3423 199 3476 tur
215 3457 221 3471 .
244 3425 349 3493 quare
364 3406 477 3492 potius
493 3411 546 3468 est
558 3411 597 3467 ut
612 3404 780 3468 scribatur
794 3405 876 3468 Nive
890 3405 987 3467 aliam
1000 3403 1133 3489 promtis
1148 3450 1157 3479 ,
1177 3421 1252 3476 Quo

142 3520 212 3574 aaut
224 3507 331 3570 inbuto
345 3506 459 3579 colore,
473 3503 638 3588 Propterea
649 3525 757 3588 perere
770 3503 850 3566 barac
863 3503 987 3566 credes.

225 3603 296 3668 736.
317 3623 468 3668 rrscrs
496 3623 647 3666 concas
671 3650 678 3664 .
709 3599 891 3665 Correetor
914 3599 1072 3686 quadrati
1093 3605 1128 3662 et
1149 3595 1255 3661 ceteri

144 3723 317 3768 corona.

226 3799 295 3861 741.
324 3809 440 3861 son'rs
472 3818 539 3872 our
571 3817 730 3860 sunrna
761 3817 960 3871 renouari
988 3793 1252 3857 Dnsrsxsas.

142 3896 310 3964 Antonius
320 3894 418 3958 Marii
428 3893 798 3958 etMarullusnuursn
809 3891 1252 3956 ,AventiusDrsraxsnr.

227 3995 296 4058 743.
310 3993 370 4058 Ex
386 4013 559 4057 inaurare
575 4011 681 4054 navo
697 4037 704 4052 .
726 3989 792 4053 Hic
805 4010 925 4054 versus
941 4009 1087 4074 quonam
1101 3988 1177 4053 loco
1192 4011 1252 4074 po·

142 4093 276 4159 nendos
292 4099 382 4158 esset
393 4090 563 4157 Bentleius
576 4087 742 4154 ostendit.
755 4087 836 4172 quid
849 4081 1195 4172 Wakefieldusi'qub
1210 4085 1254 4150 de

143 4191 279 4258 caussa’
292 4190 402 4274 inquit
413 4237 420 4265 ‚
433 4185 516 4254 ‘non
532 4187 686 4275 equidem
704 4187 799 4250 valeo
816 4185 982 4272 dispicere
993 4186 1016 4248 .’
1039 4185 1121 4306 (puid
1136 4185 1253 4249 For-bi·
1358 4219 1360 4226 ·

142 4289 231 4378 ger?
245 4283 359 4352 ‘Hunc
370 4288 517 4352 versum'
535 4287 643 4372 inquit
659 4279 783 4348 ‘Bentl¹
795 4284 901 4347 metim
912 4291 993 4367 post
1005 4306 1035 4346 v.
1050 4283 1107 4346 148
1122 4329 1128 4344 .
1147 4280 1253 4344 locari

143 4386 278 4453 censet'
291 4383 376 4449 alter
391 4385 560 4450 levitatem
576 4403 671 4448 suam
686 4379 831 4447 candide
841 4379 984 4457 fatetur,
996 4381 1083 4445 alter
1095 4379 1253 4443 mentitur
