3034 5204
742 480 757 550 1
965 555 968 560 ,
1257 479 1303 550 25

190 667 225 722 ut
236 655 271 720 id
283 665 363 719 recte
373 653 486 742 socero
499 654 618 740 possit,
635 654 678 718 ad
697 655 822 718 umam
837 701 845 716 .
865 675 938 719 eum
956 675 1088 720 versum
1103 655 1160 740 qui
1174 656 1238 720 hos
1253 677 1305 720 sc·
1326 663 1330 674 ’

191 753 330 840 quitur,
350 752 415 818 Sed
435 751 586 839 quaedam
608 753 799 831 monbec,
822 773 897 816 cnm
918 751 1111 839 Vergiliano
1134 754 1306 839 componit

190 849 384 916 Macrobius
398 849 432 912 in
448 849 714 915 saturnaliorum
728 872 780 925 vr,
792 850 807 913 l
821 874 828 914 :
843 870 911 914 non
928 850 1056 916 babent
1070 873 1144 916 eum
1159 850 1305 937 quadra·

191 957 245 1014 tus
257 957 292 1014 et
303 947 467 1013 schedae.
480 969 498 1012 e
509 947 839 1036 proximisDonatus
851 947 896 1012 ad
906 946 1067 1014 Andriam
1079 950 1177 1027 1,2‚4
1188 973 1306 1036 seraper

184 1047 325 1138 floreatis
340 1046 484 1112 Homeri.

278 1145 344 1210 125.
366 1165 574 1210 uacnruas
603 1165 843 1209 erran-naas
875 1165 1026 1209 sanans
1056 1144 1305 1210 Coerrssar.

195 1247 331 1332 Goepiaae
344 1267 391 1308 nr
407 1251 578 1310 corrector
594 1242 751 1329 quadrati
765 1251 801 1308 et
814 1243 980 1308 Antonius
995 1241 1114 1306 Marii.
1133 1255 1161 1307 et
1170 1243 1307 1330 fundere

193 1342 398 1428 quadratua;
415 1340 508 1426 quod
522 1340 608 1405 maie
622 1341 780 1427 probavit
793 1339 994 1406 Lambinus.
1008 1341 1162 1406 baumes
1177 1361 1257 1406 vero
1273 1349 1308 1405 et

194 1441 355 1522 refundere
368 1441 444 1506 libri
458 1441 566 1506 nostri
580 1461 649 1504 nou
664 1439 823 1505 exhibent
839 1464 847 1504 ι
865 1440 987 1505 borum
1007 1445 1118 1503 autem
1139 1439 1307 1504 scribendi

193 1538 356 1603 rationem
370 1538 516 1604 reddere
531 1540 614 1604 satis
628 1538 761 1614 babeo,
783 1540 845 1603 nisi
868 1536 962 1624 quod
976 1561 1013 1604 oe
1028 1543 1093 1602 ete
1112 1537 1224 1622 paulo.
1235 1559 1307 1602 rec-

193 1636 261 1701 tius
276 1637 387 1702 scribo
401 1645 537 1725 praeter
552 1659 651 1724 quam
665 1639 699 1702 in
714 1639 823 1703 minus
839 1637 940 1702 certis
955 1685 964 1712 ,
981 1635 1075 1700 velut
1094 1642 1309 1702 mennatem

191 1745 275 1820 aqua
287 1758 391 1802 meror
408 1747 518 1810 meatu
535 1747 637 1823 presto
657 1737 748 1822 plebe
766 1759 858 1802 acceia
872 1736 1008 1821 paucae
1021 1735 1162 1822 βαιὰ).
1173 1755 1258 1820 quae
1273 1736 1307 1800 in

193 1853 359 1898 consensu
380 1835 645 1900 membranarum
668 1854 735 1897 nou
757 1831 924 1918 repudio,
944 1832 1095 1919 quamvis
1116 1832 1306 1898 Lucretium
1331 1884 1344 1896 .

194 1951 233 1994 ea
243 1931 353 1996 omnia
363 1952 425 2017 par
436 1931 673 2020 diphthongon
683 1931 866 2017 protulisse
878 1930 1013 1996 credam
1028 1981 1035 1995 .
1051 1931 1184 1996 omnino
1196 1941 1307 1998 auten

193 2028 241 2092 ita
256 2029 385 2104 sentio,
401 2039 436 2094 et
451 2051 555 2117 posse
570 2038 604 2096 ct
619 2029 742 2093 debere
757 2049 820 2093 nos
834 2029 869 2092 iu
883 2028 1053 2114 plerisque
1066 2030 1115 2093 uti
1130 2030 1307 2116 orthogra-

192 2125 272 2212 phia
286 2128 411 2193 saeculi
426 2127 554 2213 quarti,
565 2147 675 2211 neque
689 2127 789 2191 nobis
803 2126 990 2190 recentiora
1001 2126 1176 2191 admittere
1190 2129 1309 2192 licere:

192 2224 256 2289 sed
278 2244 438 2288 summam
458 2223 681 2296 ,constantiam
698 2222 732 2284 iu
747 2219 891 2285 dicendo
907 2222 1131 2286 scribendove
1147 2245 1308 2308 quaerere

193 2321 294 2384 animi
307 2319 478 2386 illiberalis
493 2325 546 2384 est
562 2367 570 2382 .
591 2339 643 2382 me
666 2316 799 2402 quidem
812 2316 1055 2404 Hertzbergius
1076 2319 1212 2385 studere
1228 2320 1310 2388 dicit

192 2423 233 2482 ut
246 2417 321 2482 libri
335 2417 400 2480 mci
414 2416 581 2482 saeculum
596 2415 731 2480 tertium
747 2414 909 2480 decimum
923 2415 1048 2482 referre
1063 2416 1261 2496 videantur,
1275 2421 1309 2486 in

193 2514 372 2601 Philologo
395 2513 645 2588 Schneidewiui
670 2537 696 2580 u
712 2537 744 2599 p.
760 2514 847 2579 589:
867 2514 931 2579 aed
959 2511 993 2580 in
1015 2523 1090 2582 tota
1110 2518 1167 2582 illa
1186 2520 1310 2606 pagina

61 2647 66 2656 ·
194 2635 426 2700 quaecumque
441 2613 577 2699 scripsit
597 2634 667 2678 non
690 2613 786 2699 capio
802 2659 811 2689 ,
829 2613 922 2679 velut
944 2635 1019 2680 cum
1039 2613 1171 2683 fabulas
1185 2617 1309 2684 Aviani

195 2712 330 2778 saeculo
346 2713 465 2798 quinto
480 2715 572 2778 mira
586 2710 732 2776 adscribi
747 2710 829 2776 dicit
844 2713 1128 2798 quam'secundo.

281 2811 349 2876 130.
370 2833 474 2876 runc
500 2833 578 2876 oua
599 2831 760 2874 aarurs.
780 2812 866 2875 Turio
880 2817 959 2874 ante
973 2821 1215 2878 consonantem
1230 2837 1309 2882 con-

144 2971 151 2984 ,
196 2921 249 2973 tra
262 2915 437 2993 poetarum
454 2909 680 2993 antiquiorum
690 2929 787 2972 usum
797 2915 941 2993 uterque
953 2909 1064 2974 codex
1073 2913 1309 2994 praeterhunc

196 3006 305 3072 locum
318 3008 372 3073 bis
387 3055 395 3081 ‚
412 3007 445 3072 in
457 3030 496 3071 111
506 3006 584 3080 ,710
598 3018 670 3071 tuuc
677 3007 792 3091 per-ib,
806 3006 840 3068 in
854 3005 977 3080 v1‚250
991 3017 1150 3094 mucper5
1165 3009 1310 3094 quadra·

197 3114 252 3170 tus
274 3105 367 3170 solua
386 3105 471 3169 Tum
485 3127 584 3190 pou-rc
599 3102 696 3184 1,426
714 3109 749 3166 et
767 3104 852 3167 Temo
864 3105 992 3188 cipiture
1016 3105 1136 3180 1v‚455
1152 3154 1159 3168 .
1176 3107 1211 3170 iu
1226 3108 1309 3172 Ger-

195 3202 314 3268 manici
327 3202 556 3288 prognosticis
573 3203 587 3266 1
599 3202 635 3276 ,4
650 3213 742 3266 recte
756 3198 833 3265 libri
843 3199 990 3284 Fblmiuu
999 3213 1062 3266 tum
1073 3203 1178 3268 arbro
1190 3207 1310 3271 iaculu-
1429 3261 1432 3268 ⁴

196 3313 246 3366 tur
267 3302 430 3387 Iuppiter,
455 3311 485 3364 et
504 3312 574 3364 amc
596 3299 718 3364 Intonat
738 3297 853 3362 emissis
872 3299 1029 3362 mutuor
1049 3301 1169 3386 ipmbrta
1189 3303 1311 3387 cethem

197 3419 338 3485 quorum
355 3407 446 3462 certe
461 3398 554 3484 prius
568 3397 702 3482 impune
716 3395 837 3460 mutari
851 3417 919 3460 non
933 3405 1070 3482 potest,
1090 3397 1183 3484 quod
1199 3407 1310 3468 tamen

196 3496 277 3562 iecit
291 3495 435 3562 Orellius
445 3545 452 3559 .
464 3495 526 3561 sed
539 3497 574 3560 in
587 3495 655 3560 hoc
669 3514 771 3558 versu
783 3493 952 3558 Antonius
966 3493 1064 3559 Marii
1078 3497 1236 3563 maiorem
1249 3499 1310 3565 lin·

196 3617 283 3682 guae
297 3595 438 3660 Latinae
453 3595 605 3680 peritiam
626 3590 777 3657 exhibuit
798 3613 898 3677 qnam
912 3590 1141 3659 Wakefieldus
1155 3595 1311 3680 Eicbsta·

199 3692 274 3758 (lius
288 3691 452 3780 Forbiger
469 3717 476 3756 ε
498 3691 635 3776 scripsit
654 3690 740 3754 enim
755 3689 811 3754 ille
825 3689 903 3754 ideo
919 3712 1019 3766 rua,
1034 3691 1113 3776 quia
1127 3697 1312 3778 praecessit

198 3815 267 3857 cum
283 3840 290 3854 .
311 3792 432 3876 nequis
453 3799 563 3856 tamen
583 3788 674 3852 nullo
689 3787 918 3874 temperabas
933 3788 1115 3872 particulas
1130 3811 1217 3876 quae
1232 3803 1313 3860 aunt

198 3914 266 3955 cum
281 3897 315 3954 et
327 3900 399 3954 tuuc
411 3889 445 3954 in
461 3887 688 3953 enumerando
704 3886 899 3950 coniunctas
915 3907 989 3950 esse
1003 3895 1119 3971 putet,
1129 3911 1198 3954 non
1208 3893 1311 3960 modo

198 3987 323 4052 librarii
337 3987 372 4052 in
384 3986 539 4052 Caesaris
554 3985 596 4050 de
611 3983 700 4050 ballo
712 3983 840 4048 Gallico
851 3983 997 4060 v1‚32‚5
1012 3986 1219 4073 scripserunt
1232 3991 1313 4058 terrac

201 4109 270 4150 cum
289 4086 415 4172 reliquia
435 4086 525 4150 rebus
546 4085 645 4150 emm
660 4082 836 4169 potarat,
855 4093 926 4146 tuuc
948 4084 1032 4169 quod
1049 4087 1216 4170 rupem
1238 4092 1314 4154 naui

199 4185 378 4249 mimitiouea
392 4185 526 4269 impres
539 4182 717 4260 morbum,
729 4189 763 4244 et
776 4179 810 4244 in
822 4179 923 4246 Nonii
933 4203 965 4267 p.
974 4181 1051 4258 435,
1063 4183 1100 4246 17
1112 4205 1130 4248 e
1142 4183 1313 4252 Ciceronis

200 4279 243 4346 dc
259 4281 378 4346 officiis
393 4280 493 4357 1‚123
508 4281 635 4346 demuma
647 4303 719 4344 ocro
734 4302 804 4344 mem
817 4279 899 4344 omui
913 4282 1005 4344 aaa&
1018 4282 1115 4366 mepta
1127 4293 1198 4346 mac
1211 4307 1312 4348 amc·

199 4380 444 4467 tutisoediasimo
458 4391 501 4444 eat
509 4427 518 4459 ,
533 4377 595 4444 aad
611 4378 708 4444 etiam
723 4377 757 4441 iu
771 4375 939 4442 Iuvenalis
954 4399 1054 4443 versu
1069 4379 1192 4444 sabroe
1208 4403 1244 4444 rx
1256 4379 1314 4446 118

198 4477 364 4544 verissimi
379 4485 535 4544 auctores
550 4475 764 4542 tradiderunt
777 4475 862 4542 haec
878 4521 887 4550 ‚
913 4475 1077 4542 Wcurdtuu
1098 4487 1176 4544 recte
1189 4488 1233 4542 eat
1245 4501 1314 4542 cum
1433 4474 1441 4494 ‘
