2990 5202
647 498 696 576 IV

116 680 265 746 ordinem
289 701 444 746 versuum
472 679 731 766 perturbatum,
759 699 857 765 quem
879 679 1024 744 numeris
1045 678 1226 764 adscriptis

115 777 267 853 ostendi,
282 777 326 842 ad
340 779 448 863 ipsam
458 779 635 842 veritatem
646 777 837 841 revocavit.
851 775 918 840 hoc
929 783 968 840 ut
980 777 1030 841 ita
1040 797 1116 842 esse
1127 776 1226 841 intel·

116 875 302 962 legeretur,
326 876 395 940 eius
417 875 523 941 verba
544 874 731 940 secundum
746 874 895 960 singulas
916 873 1047 940 litteras
1064 876 1226 960 ipsasque

116 972 352 1038 distinctiones
373 972 546 1058 descripta
565 973 747 1058 proposui.
761 965 882 1055 ‘Atque
898 993 938 1037 ea
952 974 1129 1037 continuo.
1151 972 1226 1054 Quo

115 1071 330 1156 sequuntur!
359 1079 581 1157 praepostere
609 1069 737 1155 scripta
758 1079 855 1134 sunt.
885 1069 1106 1135 Continuetur
1127 1091 1226 1157 ergo.

115 1167 239 1233 Seruct
261 1176 295 1232 et
317 1169 432 1232 elisam
453 1169 488 1232 in
509 1167 694 1253 (deletum)
717 1167 874 1253 sequenti
894 1169 1034 1254 pagina.
1058 1175 1093 1232 et
1107 1189 1225 1234 conse·

113 1277 259 1351 quenter
272 1287 381 1352 usque
394 1267 458 1332 ibi.
474 1266 524 1330 Ac
536 1265 665 1330 resilire
676 1267 719 1330 ab
734 1267 855 1330 rebus.
870 1266 971 1329 tertia
984 1265 1127 1352 pagina.
1141 1265 1226 1330 Post

111 1364 200 1428 haec
215 1363 375 1429 redeatur
385 1363 470 1428 buc.
487 1355 676 1448 Splddenia
685 1384 807 1447 porro.
824 1369 858 1428 et
869 1363 1028 1428 continue
1039 1385 1147 1449 usque
1160 1359 1224 1430 ibi.

115 1463 143 1525 A
156 1462 325 1528 tenebris.
342 1463 407 1547 (ita
418 1471 593 1527 corrector
602 1453 760 1547 quadrati
771 1461 838 1526 hoc
849 1461 1020 1546 antiquior
1030 1461 1091 1524 312
1100 1485 1108 1524 r
1118 1457 1226 1547 prima

114 1581 215 1624 manu
229 1572 261 1624 ..t
270 1561 398 1625 tenebo
407 1562 427 1645 .)
442 1579 483 1624 ac
494 1565 743 1645 consequenter
756 1579 864 1644 usque
879 1558 943 1624 ibi.
964 1555 1039 1637 Que
1050 1558 1116 1623 sita
1129 1567 1225 1623 sunt.

112 1657 198 1722 Inde
213 1657 356 1722 saltetur
370 1657 466 1722 illuc.
486 1656 588 1738 Quod
603 1665 724 1722 contra
736 1657 865 1721 iacere.
880 1656 947 1741 (ita
958 1655 1163 1741 quadratus,
1177 1661 1224 1722 ia·

112 1757 210 1840 cere.)
232 1757 285 1820 Ac
298 1755 431 1820 demum
451 1746 902 1832 comte
915 1754 1111 1820 Lambinum
1125 1777 1224 1820 nemo
1333 1738 1339 1750 ⁸

112 1859 252 1918 secutus
267 1859 336 1917 est:
355 1851 520 1918 Marullus
536 1853 623 1918 enim
637 1852 729 1917 hunc
743 1851 872 1918 lecerat
886 1872 1041 1917 versuum
1056 1852 1225 1928 ordinem,

112 1949 175 2014 298
197 1947 363 2015 eae-325
384 1949 549 2016 299-322
568 1949 734 2016 ets-³52
753 1948 917 2015 326-341
941 1949 1106 2015 ese-363
1120 1950 1219 2016 342-

112 2046 174 2112 347
189 2046 251 2111 364
259 2095 268 2126 ,
283 2049 448 2112 Aventius
463 2055 574 2113 autem
589 2069 731 2133 prorsus
746 2045 895 2112 absurde
910 2045 971 2110 298
982 2045 1147 2113 323-325
1161 2047 1225 2114 299

115 2143 218 2208 -322
227 2142 391 2208 326-347
401 2144 475 2210 348.
491 2153 527 2210 at
535 2144 717 2210 Lambinus
731 2145 766 2209 in
775 2143 892 2210 codice
898 2143 1110 2221 Bertiniano‚
1125 2167 1223 2232 quem

110 2243 188 2326 ipse
202 2263 271 2304 non
286 2241 441 2316 viderat,
462 2241 524 2306 sed
545 2242 694 2306 habebat
708 2263 729 2305 a
742 2241 904 2306 Turnebo
925 2247 1141 2328 excerptum,
1164 2265 1224 2309 eos

112 2361 176 2406 sex
193 2359 312 2402 versus
336 2340 393 2424 qui
413 2347 575 2404 notantur
597 2337 763 2403 342-347
784 2359 824 2404 eo
848 2339 924 2403 loeo
944 2339 1011 2426 legi
1030 2339 1136 2406 refert
1156 2363 1224 2427 quo

111 2438 189 2522 ipse
204 2457 263 2500 eos
279 2435 497 2502 excutiendos
508 2437 693 2512 curaverit,
708 2436 776 2501 hoc
788 2445 840 2502 est
852 2437 942 2502 inter
952 2438 1010 2502 341
1028 2445 1062 2502 et
1077 2437 1154 2516 299,
1170 2461 1224 2506 ce·

112 2545 190 2600 tera
206 2535 307 2599 tacite
321 2535 368 2600 ad
380 2542 525 2600 ruentem
541 2534 745 2600 correctoris
758 2534 942 2621 disposuit.
957 2537 1060 2600 ceteri
1076 2536 1225 2602 editores

112 2633 280 2708 Lucretii,
295 2633 392 2718 quasi
406 2654 462 2698 res
476 2631 570 2697 factu
583 2631 740 2697 facillima
753 2632 891 2708 luisset,
906 2653 1015 2718 neque
1026 2633 1224 2701 Lambinum

113 2751 225 2817 nequo
245 2730 343 2796 alium
359 2739 427 2796 tam
451 2730 589 2796 eximiae
603 2730 828 2795 restitutionis
847 2737 1019 2796 auctorem
1040 2730 1109 2796 ulla
1124 2729 1224 2799 laude

114 2829 252 2916 dignum
273 2829 524 2894 existimarunt.
546 2829 671 2892 erroris
693 2828 789 2913 origo
809 2827 993 2894 lectoribus
1014 2831 1141 2894 nostris
1155 2853 1224 2896 non

113 2934 232 3012 potest
252 2929 399 2992 obscura
420 2947 516 2991 esse:
538 2933 682 3010 apparet
703 2925 813 3000 enim,
834 2926 863 2989 si
883 2925 1000 2990 titulos
1022 2929 1224 2994 carminibus

113 3025 241 3100 addas,
262 3047 382 3090 versus
397 3047 497 3099 xxvi,
519 3025 576 3107 qui
596 3025 726 3107 priores
749 3043 823 3086 esse
839 3022 1026 3098 debebant,
1045 3033 1127 3108 post
1141 3025 1224 3090 alios

112 3125 195 3188 item
217 3145 299 3186 xxvr
321 3122 506 3186 collocatos
529 3141 623 3194 esse;
651 3119 744 3205 quod
763 3119 835 3184 fieri
856 3141 926 3184 non
946 3121 1059 3204 potuit
1078 3123 1142 3185 nisi
1163 3143 1226 3208 per

114 3217 277 3286 schedam
299 3218 426 3284 codicis
446 3217 625 3304 archetypi
646 3218 803 3282 aceteris
823 3217 967 3282 solutam
988 3224 1022 3281 et
1040 3217 1225 3296 inversam,

114 3337 203 3404 quae
218 3314 282 3380 luit
297 3323 418 3381 octava
431 3315 532 3380 huius
546 3314 640 3392 libri,
656 3314 783 3380 codicis
797 3315 904 3380 totius
919 3337 1043 3386 nxvur.
1119 3309 1122 3314 ’

200 3412 389 3479 324.F1nr
411 3435 1224 3490 ur‚snrnocunusrunarron1narrar,

114 3537 163 3582 ur
187 3535 302 3577 rnna.
325 3510 390 3591 Qui
410 3513 525 3596 priora
538 3518 631 3577 recte
647 3511 855 3588 distinxerit,
876 3531 945 3575 non
961 3510 1131 3578 dubitabit
1144 3513 1225 3598 quin

114 3610 333 3678 scribendum
347 3611 391 3674 sit
402 3609 471 3676 Fiet
484 3634 568 3674 rra.
584 3617 757 3676 corrector
773 3609 931 3697 quadrati
944 3611 1059 3695 inepte
1074 3622 1142 3675 aab
1153 3633 1224 3676 oea-

115 3713 179 3792 los‚·
194 3730 262 3795 quo
277 3716 404 3773 temere
418 3715 556 3794 arrepto
565 3707 795 3774 Wakefieldus
809 3701 891 3774 fecit
901 3707 986 3784 Flet,
1001 3721 1029 3772 et
1042 3720 1110 3774 aaa
1124 3711 1225 3774 cados

107 3809 210 3894 fream!
221 3809 275 3894 qut
289 3807 411 3886 dacter,
426 3818 459 3871 ut
471 3808 568 3871 idem
583 3806 747 3872 Marullus
761 3807 840 3870 item
854 3807 941 3870 male
955 3807 1004 3870 tic
1017 3808 1114 3870 idem.

91 3933 96 3941 ·
199 3904 270 3970 327.
299 3902 493 3984 Quassus
524 3925 650 3968 arran
678 3926 751 3968 sax
779 3925 826 3966 nr
853 3923 963 3966 sisar
992 3923 1225 3967 sinuessae

117 4024 306 4068 sanarer.
334 4001 466 4068 Nullius
485 4001 598 4066 iudicii
621 4009 674 4066 est
693 4001 749 4066 hio
763 4003 896 4088 quinque
909 4021 964 4064 sea
983 4000 1032 4064 ita
1052 4009 1227 4086 caperent

117 4100 209 4186 apud
223 4099 402 4164 Horatium
416 4123 470 4166 sea
484 4111 596 4186 septem
608 4100 713 4163 milia.
735 4105 770 4162 et
783 4098 879 4183 peius
888 4096 1120 4163 Wakefieldus
1132 4102 1225 4163 arnec-

117 4199 205 4264 {aera
219 4201 367 4285 quiaque,
389 4199 480 4262 etam
493 4221 563 4262 sea.
584 4194 798 4261 scribendum
820 4203 873 4259 est
890 4195 1030 4281 Quinque
1044 4197 1134 4260 ellam
1149 4215 1227 4259 aur

117 4319 185 4372 sec,
199 4305 238 4360 ut
252 4317 353 4360 versu
368 4297 428 4360 577
444 4295 508 4362 Sea
522 4297 612 4360 ebora
627 4307 680 4360 aut
692 4307 820 4381 septam.
836 4293 1002 4358 Marullus
1015 4317 1119 4359 aeaco.

200 4395 270 4460 328.
292 4417 486 4459 narsnrr.
501 4393 910 4478 Marullusnarnnuur.

202 4491 271 4557 334.
294 4490 397 4556 luna
425 4513 554 4556 narro
584 4513 743 4570 auasuu
772 4511 895 4554 aruir
924 4511 971 4554 sr
994 4475 1227 4554 cdsvnarrr
