2990 5182
272 489 341 552 :rue
710 455 715 466 ’
799 483 848 552 vl

270 657 441 744 nrpeereosae?
463 659 514 721 «ti
527 659 585 735 eir,
600 659 708 721 belem.
731 659 854 742 quibus
870 657 1043 742 gemellum
1061 659 1161 722 estin
1178 659 1337 722 Asinaria
1354 683 1389 730 n.

270 759 345 830 2,le
365 757 456 820 Iubeo
471 768 498 818 te
511 759 627 820 solvere
641 779 760 820 aerioma
774 781 860 834 uoce,
883 759 987 843 quoad
1004 759 1082 820 eires
1100 758 1218 820 oolmt.
1244 757 1388 843 Gyrnnu·

269 856 453 944 eiurnfloprl
461 903 469 932 ,
480 857 608 918 salveto.
632 858 709 940 quid
722 859 803 940 opio,
820 869 918 920 mustos
933 855 1089 920 carceris?
1110 857 1226 940 itaque
1241 855 1329 919 nihil
1346 859 1388 920 ab

271 953 336 1015 hac
348 959 444 1036 parte
457 951 614 1035 praesidii
629 963 680 1016 est
690 953 744 1016 his
756 954 879 1037 quibus
891 953 977 1017 haec
993 953 1169 1026 adscribo,
1184 955 1240 1018 Ee
1253 965 1283 1017 et
1293 954 1389 1018 Arte

272 1051 357 1112 noeis
371 1052 404 1112 in
418 1051 572 1113 rnoeribm
583 1075 593 1112 .·
608 1049 726 1114 debuit
741 1051 828 1114 enim
844 1052 935 1113 eliam
950 1071 1042 1125 esse,
1057 1059 1096 1114 ut
1110 1049 1213 1134 paulo
1230 1057 1312 1135 post
1326 1051 1390 1114 786

279 1147 330 1211 Est
344 1149 434 1211 etiam
448 1151 567 1233 mapale
583 1147 739 1213 Heliconis
753 1149 901 1212 montibus
915 1149 1024 1214 urbes.
1049 1170 1153 1234 quare
1174 1148 1232 1212 hic
1248 1169 1388 1234 quoque
1483 1191 1484 1212 i

274 1246 428 1309 librarios
450 1269 591 1331 peecare
612 1247 745 1323 iudico,
768 1268 830 1311 nee
853 1247 973 1311 dubito
990 1248 1070 1332 quin
1085 1247 1263 1310 Lueretius
1280 1247 1388 1330 scrip·
1483 1259 1484 1316 1

272 1343 355 1406 serit
370 1344 427 1408 Est
447 1365 515 1408 ur.
538 1353 687 1408 ceterum
709 1367 751 1408 ex
773 1343 826 1408 his
848 1345 1030 1408 existimari
1051 1351 1166 1428 potest
1182 1365 1285 1430 quam
1298 1343 1388 1406 falso

272 1440 443 1506 Bentleius
459 1441 620 1506 Terentio
640 1443 705 1508 hoe
729 1455 756 1506 et
777 1463 839 1527 pro
863 1445 954 1506 etiam
975 1444 1122 1527 positum
1145 1451 1198 1506 ter
1221 1451 1387 1526 quaterve

273 1539 467 1604 adfinxcrit.

355 1639 424 1700 754.
448 1661 624 1704 centon.
648 1640 704 1703 Sic
720 1637 928 1724 quadratus.
950 1640 985 1702 in
1000 1639 1147 1724 oblongo
1163 1638 1272 1722 prima
1285 1659 1386 1702 manu

276 1733 414 1798 videbar
429 1737 507 1800 mihi
524 1737 635 1822 legere
652 1740 783 1801 elotum:
798 1743 973 1800 corrector
987 1736 1068 1800 fecit
1085 1735 1145 1799 Gn
1155 1761 1175 1798 Λ
1187 1759 1277 1800 iun.

354 1833 510 1898 mosen
528 1857 692 1900 narona
708 1857 801 1898 noer
818 1856 1386 1898 orusarrrcrrmsnsunrrs.

276 1931 337 1995 llic
359 1933 467 2016 prima
489 1933 629 2016 offensio
652 1936 685 1997 in
708 1934 802 1998 hiatu
826 1941 897 2008 est,
925 1933 1124 1996 cuinullum
1148 1929 1287 1996 similem
1311 1955 1384 1996 esse

274 2031 373 2114 paulo
389 2043 467 2094 aute
483 2031 525 2093 ad
542 2053 675 2095 versum
691 2033 752 2094 743
768 2027 854 2095 dixi.
876 2032 1041 2096 Aventius
1057 2031 1171 2094 vitium
1188 2031 1277 2093 vitio·
1288 2029 1384 2094 rede-

272 2129 352 2200 mit,
375 2150 449 2191 eum
472 2129 609 2212 scripsit
624 2129 688 2193 Sed
707 2141 819 2192 reatino
840 2121 904 2192 loci
920 2129 976 2192 loe
996 2153 1093 2215 opere:
1114 2151 1191 2192 nam
1207 2129 1385 2192 Lueretius

273 2227 438 2290 'voeabula
452 2228 552 2290 iambi
569 2226 667 2310 pedis
682 2247 840 2298 mensura
855 2226 1117 2310 comprehensa,
1132 2228 1268 2312 quaein
1284 2247 1385 2290 voca-

274 2325 335 2389 lem
348 2326 523 2404 desinunt,
535 2347 603 2388 non
615 2326 753 2412 copulat
764 2347 839 2390 eum
850 2327 1040 2410 insequenti
1050 2326 1174 2390 vocali.
1188 2325 1270 2410 quid
1279 2327 1386 2411 ergo?

274 2423 387 2486 hiatus
401 2421 531 2487 facilius
543 2423 622 2487 ferri
636 2433 751 2507 potest
766 2445 865 2508 quam
881 2423 992 2498 elisio,
1008 2424 1206 2508 praesertim
1222 2433 1385 2508 sequente

274 2523 382 2586 vocali
397 2525 491 2586 brevi
506 2553 514 2585 .’
535 2532 570 2586 at
585 2545 772 2606 pronomen
788 2523 941 2609 postulat
955 2523 1143 2587 sententia.
1166 2524 1213 2586 ita
1229 2530 1301 2585 est:
1323 2521 1384 2586 sed

274 2621 429 2704 repudiat
444 2643 534 2704 opio,
550 2622 613 2683 nisi
630 2619 717 2683 sorte
733 2623 903 2686 cornicum
919 2643 1005 2706 opus
1021 2622 1170 2686 dicemus
1183 2643 1258 2686 esse
1270 2643 1384 2684 eorum

274 2718 383 2802 lugam
401 2725 435 2779 et
450 2717 653 2780 discessum.
677 2719 746 2781 scio
764 2719 898 2802 quidem
913 2741 988 2805 opus
1002 2742 1064 2804 pro
1081 2719 1202 2783 effectu
1217 2720 1303 2794 dici,
1322 2720 1383 2784 sed

274 2815 316 2878 de
332 2837 368 2878 re
385 2833 530 2900 operosa
550 2825 584 2878 et
603 2817 712 2901 magni
735 2815 929 2890 moliminis,
952 2819 1038 2880 utin
1053 2839 1065 2880 1
1080 2817 1227 2882 Lucretii
1247 2819 1385 2905 153f0r-

272 2915 353 2978 raldo
368 2915 504 2978 mortalis
518 2901 646 2978 &ordinet
660 2917 773 2993 orizam,
800 2915 890 2994 Quod
901 2917 998 2980 inulla
1011 2918 1043 2979 ia
1059 2918 1230 3005 lariefleri
1244 2919 1385 3004 coeloque

273 3023 410 3093 tuentur,
438 3015 574 3093 Quorum
596 3037 721 3098 opemtm
743 3037 852 3076 calesu-r
873 3051 933 3093 -,
962 3015 1051 3077 etin
1074 3017 1183 3077 Aetna
1204 3014 1322 3078 Lucilii
1343 3015 1384 3077 ‘25

277 3113 338 3191 Qui
351 3124 431 3178 lanto
447 3125 541 3176 triones
556 3114 659 3198 operi,
682 3137 760 3199 petae
782 3137 875 3176 corma
890 3115 1036 3198 peremis
1052 3113 1194 3198 Explicet
1207 3115 1383 3176 immensum

263 3211 411 3298 flmnume
427 3220 460 3273 et
475 3221 606 3284 cetera,
623 3220 657 3273 et
671 3211 795 3275 ibidem
810 3211 931 3274 iterum
950 3211 1007 3274 115
1024 3212 1067 3275 de
1082 3233 1117 3274 re
1133 3231 1256 3297 magna
1269 3235 1331 3276 nou
1345 3223 1386 3275 est

175 3359 178 3368 ,
273 3313 322 3375 tio
343 3335 436 3374 earne
457 3312 612 3388 deezrrdo,
630 3311 711 3374 Duru
727 3321 780 3373 rtet
800 3333 874 3394 opus
895 3332 1023 3373 causae.
1046 3331 1144 3395 quam
1161 3311 1205 3372 ob
1220 3331 1290 3372 rem
1307 3311 1383 3373 huie

274 3410 349 3470 loeo
366 3431 406 3470 ue
423 3409 488 3470 hoe
505 3408 639 3492 quidem
656 3410 836 3472 convenire
858 3407 1100 3482 iudicabimus,
1124 3409 1188 3472 Sed
1207 3420 1322 3472 numeru
1342 3409 1384 3471 lo·

274 3529 384 3591 cusque
398 3529 472 3588 (pecs
487 3508 581 3594 efficit
594 3510 674 3591 ipse,
697 3505 757 3568 sed
774 3508 874 3592 operis
889 3506 1089 3568 vocabulum
1106 3515 1184 3569 ante
1200 3507 1314 3570 omnia
1328 3505 1383 3569 de·

276 3603 437 3676 lebimus‚
461 3625 526 3664 non
549 3612 660 3666 tamen
681 3606 727 3667 ita
750 3615 788 3667 ut
809 3606 840 3666 in
857 3605 927 3667 eius
942 3603 1052 3666 locum
1067 3603 1150 3666 nihil
1165 3603 1383 3668 sufficiamus:

274 3701 365 3787 quod
384 3723 457 3764 cum
469 3701 673 3787 neglexisset
688 3704 721 3764 in
735 3703 879 3786 quadam
892 3701 1054 3765 Varronis
1067 3703 1236 3766 sententia
1247 3701 1287 3766 O.
1297 3703 1382 3766 111111-

274 3801 383 3876 lerus‚
406 3817 535 3864 ‹unnem
557 3821 626 3864 rem
650 3821 724 3864 sese
749 3807 944 3885 pervertere
964 3821 1034 3862 non
1056 3802 1182 3864 sensit.
1206 3799 1249 3864 de
1272 3801 1383 3886 lingua

276 3901 393 3963 Latina
416 3901 503 3965 libro
520 3923 567 3964 vn
591 3899 694 3984 11:283
717 3900 800 3962 haee
822 3899 927 3962 habet
943 3899 1158 3963 florentinus
1180 3899 1310 3962 codex.
1332 3923 1384 3961 nec
1410 3885 1415 3902 ’

273 4000 401 4074 mirum,
425 4023 492 4060 erun
508 4023 567 4062 eoa
581 4001 669 4063 modo
687 3999 887 4083 epaunenidts
903 4019 985 4061 oeus
996 4009 1066 4082 post
1079 4021 1175 4062 uranos
1190 4021 1209 4060 1.
1226 4021 1383 4082 capeme-

273 4107 319 4158 lus
342 4119 361 4157 α
383 4097 483 4158 rnrdtrs
503 4121 563 4160 aen
587 4108 802 4182 regenerentur,
824 4098 878 4159 sed
897 4099 988 4160 eliam
1008 4097 1122 4160 Teucer
1145 4097 1229 4160 Livii
1246 4109 1316 4180 poet
1335 4117 1381 4156 xri

272 4217 367 4256 ctera-os
382 4193 420 4255 ab
434 4196 496 4256 em
511 4198 564 4279 <pa
577 4198 616 4258 rit
629 4199 798 4279 ipnoretmn
812 4193 1053 4278 Lagomarsino
1069 4203 1181 4256 tamon
1197 4194 1311 4277 potius
1326 4213 1382 4276 ap·

272 4291 384 4375 paruit
399 4313 484 4375 epm,
502 4291 563 4354 nisi
577 4292 667 4376 quod
682 4294 711 4355 ei
723 4289 829 4377 prima
841 4301 876 4354 ct
887 4293 988 4356 tertia
1003 4292 1116 4356 littera
1130 4292 1281 4355 incertae
1293 4291 1382 4354 visae

274 4397 369 4453 sunt:
386 4389 463 4453 huic
479 4411 580 4474 super
596 4392 756 4474 seriptum
773 4389 851 4453 olim
862 4389 967 4455 fuisse
979 4391 1075 4475 quasi
1086 4413 1125 4454 m.
1136 4391 1202 4454 iam
1217 4389 1299 4452 illud
1314 4409 1380 4470 cop·

274 4497 572 4576 iroseatnr·ternp‹)re
580 4489 911 4574 praesentepositum
921 4489 1072 4554 ostendit
1081 4490 1256 4576 scriptoris
1264 4505 1381 4550 nomeu
