2972 5188
621 493 654 560 V

187 667 219 720 10
236 666 358 720 Animam
368 673 404 720 et
421 667 536 722 animum
552 685 607 722 non
624 683 706 738 posse
725 683 785 720 ease
802 669 859 720 eine
876 684 989 738 corpore

234 749 276 802 De
294 747 359 802 eolis
378 757 405 801 et
422 748 499 802 lunae
518 749 662 806 effectione

234 831 277 883 De
293 832 431 884 nativitate
449 831 539 884 mundi
558 840 584 884 et
602 817 645 883 dis'

234 911 366 965 Mundum
383 930 439 965 non
457 930 517 966 esse
535 913 567 965 ab
586 913 816 983 diseonpositione
835 930 922 965 rerum
940 931 990 982 que
1079 925 1090 956 ⁸

234 996 354 1048 stitutum
373 996 400 1047 in
419 1013 450 1048 eo
468 1004 529 1048 sunt
565 997 569 1006 '

188 1077 218 1130 15
237 1077 286 1130 Cui
303 1095 366 1148 pare
383 1079 473 1131 nativa
489 1079 525 1131 eit
541 1086 627 1132 totum
644 1077 761 1130 nativum
780 1093 840 1130 esee

234 1160 276 1212 De
294 1161 426 1214 centauria
445 1161 478 1214 de
495 1161 579 1214 senile
596 1160 630 1214 de
647 1167 720 1214 terra
737 1159 771 1214 de
788 1176 855 1230 equa
873 1160 906 1214 de
924 1177 985 1214 aere
1003 1161 1059 1214 eive

235 1243 320 1294 anima
337 1243 372 1296 da
389 1244 520 1298 chimaera
756 1243 771 1278 '

188 1324 221 1377 32
240 1323 281 1377 De
300 1325 361 1378 lune
379 1343 457 1379 curan
582 1327 587 1336 “

235 1406 277 1459 De
296 1405 338 1459 die
356 1406 438 1477 longo
458 1415 485 1460 et
502 1407 577 1460 brevi
595 1415 672 1459 nocte

235 1505 269 1542 ex
287 1488 331 1541 ida
349 1489 422 1543 viseo
440 1490 505 1543 eolis

67 1621 199 1706 'itaque
213 1619 305 1686 hune
319 1622 353 1684 in
369 1621 487 1687 codiee
502 1621 691 1708 archetypo
706 1621 760 1685 vel
774 1619 841 1686 hoe
851 1621 906 1686 vel
916 1620 1081 1686 simillimo
1092 1620 1194 1685 modo

84 1719 288 1804 dispositum
301 1718 405 1784 fuisse
421 1719 592 1784 existimo.

138 1864 219 1929 Plus
232 1865 424 1932 hominibus
438 1865 607 1951 proiiriese
623 1864 680 1949 qui
695 1863 894 1948 sapientiam
908 1864 1074 1928 invenerit

137 1984 238 2048 quam
254 1963 410 2028 Cererem
424 1963 583 2028 Liberum
596 1961 794 2026 Herculem.

138 2049 292 2125 Animam
306 2062 454 2124 nativam
469 2081 560 2125 ease.

138 2157 190 2220 De
204 2155 348 2236 mundo·
843 2183 856 2220 s
868 2183 899 2219 ua
911 2183 970 2221 rum
982 2183 1071 2220 iumine.

138 2253 191 2316 De
206 2253 286 2317 eolis
302 2261 336 2316 et
349 2254 449 2317 lunae
464 2275 581 2319 eursu.
844 2277 874 2316 m
886 2279 933 2316 me
947 2279 1084 2329 imponam.

140 2350 238 2414 Mare
253 2349 381 2414 eaelum
396 2359 520 2414 terram
534 2349 726 2413 interitura.
846 2375 876 2412 m
889 2375 977 2426 einp-1.

89 2475 114 2536 io
124 2503 133 2522 „
144 2447 295 2511 Animam
312 2457 346 2513 et
360 2449 504 2524 animum
518 2467 588 2510 non
601 2465 704 2532 posse
720 2465 794 2509 esse
809 2449 881 2511 aine
896 2469 970 2512 eor·

139 2565 241 2630 pore·
390 2571 421 2608 De
434 2571 484 2609 tolie
493 2575 517 2608 et
529 2571 587 2608 lunae
600 2569 722 2607 erectione.
883 2569 913 2608 De
925 2571 1029 2610 nativitate
1041 2568 1111 2608 mundi
1125 2575 1144 2608 et
1157 2569 1198 2608 du-

140 2642 304 2707 Mundum
330 2661 398 2707 non
426 2663 500 2706 ease
526 2642 568 2706 ab
594 2640 647 2704 dis
673 2661 936 2717 convo-mama
949 2679 988 2717 qu.

142 2741 312 2805 stitutum.
322 2767 342 2805 n
356 2778 379 2804 ω
393 2771 456 2804 mi.
571 2763 595 2802 ιε
617 2738 677 2802 Cui
692 2757 772 2824 para
787 2739 902 2804 nativa
916 2739 975 2814 ait,
989 2745 1099 2801 totum
1113 2737 1199 2800 nati·

141 2860 220 2902 vum
235 2858 326 2902 esse.
365 2863 630 2902 nemeaeanesmu
645 2835 971 2922 Deterra.Deequa.
983 2835 1201 2900 Deeiireeive

142 2937 267 3000 anima·
282 2961 312 2998 De
325 2961 443 2998 Chimaera.
534 2932 586 2996 De
600 2934 669 3018 igni
684 2943 718 2998 Oi
733 2935 820 2998 8010·
836 2961 882 2998 Neu
895 2961 987 3010 potuine
1001 2959 1113 2997 cainam
1126 2965 1145 2996 et

142 3034 193 3097 De
209 3030 363 3112 lampade
379 3038 411 3093 et
425 3029 579 3092 lucerna.
600 3055 688 3104 saum
701 3059 721 3094 a
735 3055 807 3093 mm.
820 3067 888 3093 em
900 3055 968 3105 gigni.

87 3156 114 3194 eo
143 3129 195 3190 De
210 3125 387 3198 aedificiis,
402 3142 502 3208 quem
516 3121 699 3186 admodum
725 3148 831 3196 onnam.
843 3148 958 3186 nomem·
972 3151 1002 3187 e.

144 3225 330 3286 intereant·
345 3251 391 3284 nni·
404 3247 432 3284 ait
444 3245 526 3286 deornm
540 3246 625 3296 opinio.

145 3320 259 3400 Quare
314 3326 395 3382 nata
451 3319 563 3382 omnia
619 3316 727 3380 diota.
751 3341 815 3390 om
828 3342 934 3382 enorum
947 3354 1015 3381 mmm

146 3418 260 3499 Quare
281 3416 463 3480 aeternitas
486 3436 561 3480 esee
583 3415 709 3539 gessit.
731 3413 778 3477 Et
799 3413 914 3477 nativa
936 3433 1027 3478 esse.
1050 3445 1151 3502 ..gama

571 3513 585 3550 p
595 3500 676 3538 unbem

91 3596 117 3633 ee
147 3565 199 3632 De
226 3565 394 3630 Phetonte
424 3561 505 3628 solis
532 3561 622 3626 filio.
651 3592 750 3640 „ptem
764 3589 805 3627 m.

150 3663 255 3750 Origo
270 3661 386 3726 mundi
401 3671 435 3726 et
449 3659 611 3725 omnium.
628 3685 692 3732 oum
704 3685 810 3724 meam
823 3685 895 3724 em

146 3763 197 3826 De
213 3761 294 3825 solis
310 3767 344 3824 et
357 3759 456 3824 lunae
471 3757 716 3846 magnitudine.
732 3786 837 3824 numm
850 3783 892 3820 m.

146 3861 198 3924 De
213 3859 295 3924 eolis
309 3857 555 3944 magnitudine.

150 3957 203 4020 De
218 3955 314 4021 lune.
407 3945 412 3952 ’

98 4082 124 4120 ³0
151 4051 204 4118 De
219 4054 332 4118 calore
347 4051 443 4118 eolis.

149 4151 335 4216 Democriti
351 4149 394 4214 de
409 4150 499 4214 sole.

147 4246 418 4312 Deluneoureu.
629 4291 632 4296 -
870 4237 924 4302 Ex
934 4237 994 4302 lde
1003 4237 1096 4301 viseo
1107 4237 1207 4300 solis.

352 4424 355 4430 Ι
398 4339 906 4430 Dedielongoetbrevinoete.

179 4460 248 4524 930.
277 4481 353 4524 nec
382 4481 475 4522 nani
508 4477 708 4524 contenis
737 4474 867 4518 unae.
896 4447 1072 4536 Oblongus
1103 4444 1209 4530 prima
