2946 5188
623 491 653 558 Il

86 685 183 728 neres
198 663 243 726 ad
257 664 358 727 nilum
373 661 567 748 redigantur
582 661 732 729 funditus
748 687 878 730 omnes:

85 800 150 842 nam
164 777 256 863 quod
272 797 413 862 cumque
427 779 495 842 suis
510 785 671 842 mutatum
684 779 807 870 finibus
820 782 904 854 exit,

86 893 230 956 confinem
244 893 312 956 hoc
326 911 416 955 mors
432 901 484 955 cst
497 892 582 956 illius
598 891 692 977 quod
706 891 769 956 fuit
783 903 876 958 ante.

32 1025 67 1068 ut
85 1003 211 1091 proinde
227 1005 341 1070 colore
357 1025 438 1068 cave
454 1005 627 1089 contingas
643 1007 768 1070 semine
781 1029 908 1079 rerum,

85 1141 120 1183 ne
132 1121 187 1184 tibi
201 1142 257 1185 res
271 1119 411 1184 redeant
425 1117 470 1182 ad
484 1119 586 1184 nilum
598 1118 749 1184 funditus
765 1143 892 1186 omnes,

119 1232 293 1299 Praeterea
307 1234 336 1296 si
348 1232 440 1297 nulla
454 1232 575 1298 coloris
590 1233 760 1319 principiis
776 1243 827 1298 est

86 1345 206 1412 reddita
219 1355 341 1412 natura
356 1355 390 1412 et
404 1346 504 1412 variis
519 1355 597 1410 sunt
611 1347 763 1432 praedita
776 1347 907 1422 fonnis,

87 1462 227 1545 equibus
243 1481 339 1525 omne
353 1481 457 1546 genus
472 1461 612 1546 gignunt
625 1462 823 1546 variantque
837 1463 967 1528 colores

34 1589 68 1632 tte
84 1583 269 1660 propterea,
280 1575 389 1659 magni
404 1573 495 1660 quod
509 1574 614 1639 refert
628 1576 754 1639 semina
769 1597 922 1661 quaeque

86 1708 148 1752 cum
163 1689 283 1773 quibus
299 1696 334 1752 et
348 1688 437 1773 quali
452 1689 603 1774 positura
618 1691 851 1754 contineantur

86 1810 113 1864 et
125 1823 206 1886 quos
221 1803 308 1882 inter
323 1823 360 1866 se
376 1800 457 1866 dent
470 1811 580 1867 motus
595 1803 839 1889 accipiantque,

85 1915 228 2000 perfacile
243 1916 410 2001 extemplo
425 1917 587 1980 rationem
602 1916 745 1982 reddere
759 1893 896 2003 pessiss

86 2050 134 2094 cur
147 2051 187 2093 ea
202 2051 287 2116 quae
301 2031 397 2115 nigro
412 2028 537 2094 fuerint
550 2031 651 2115 paulo
666 2039 744 2095 ente
758 2032 885 2106 colore,

35 2155 68 2200 tu
84 2165 255 2208 marmoreo
270 2145 341 2208 fieri
354 2145 486 2228 possint
501 2143 649 2208 candore
663 2153 818 2231 repente;

84 2265 115 2320 ut
125 2279 228 2334 mare,
241 2281 314 2322 eum
330 2259 439 2343 magni
455 2265 664 2323 commorunt
678 2279 826 2342 aequora
840 2260 946 2332 venti,

85 2374 214 2436 vertitur
228 2374 263 2436 in
278 2393 382 2436 canos
398 2371 555 2436 candenti
569 2392 731 2436 marmore
745 2369 882 2434 ssuctus:

86 2483 182 2549 dicere
198 2487 281 2550 enim
296 2488 424 2572 possis,
435 2487 564 2572 nigrum
580 2485 672 2572 quod
687 2505 788 2570 saepe
802 2485 969 2550 videmus.

84 2600 224 2665 materies
234 2601 297 2665 ubi
311 2601 476 2688 permixta
491 2608 543 2665 est
556 2601 692 2664 illius'et
706 2598 791 2664 ordo

37 2723 69 2770 ue
85 2713 237 2801 principiis
252 2722 398 2779 mutatus
415 2723 449 2778 et
463 2713 578 2778 addita
593 2714 793 2800 demptaque
809 2711 989 2799 quaedam,

86 2829 229 2892 continuo
244 2826 280 2892 id
293 2828 364 2892 lieri
379 2837 417 2892 ut
431 2827 577 2894 'candens
591 2829 745 2893 videatur
761 2836 794 2892 et
808 2827 933 2895 album..

86 2941 205 3023 quodsi
221 2942 382 3006 caeruleis
398 2949 592 3008 constarent
606 2963 754 3026 aequora
767 2943 864 3025 penti

85 3056 248 3121 seminibus
258 3105 266 3132 ‚
277 3056 368 3120 nullo
381 3063 524 3142 possent
538 3055 707 3118 albescere
721 3062 837 3140 pacto:

84 3189 146 3232 nam
160 3193 227 3256 quo
243 3191 384 3254 eumque
399 3169 502 3233 modo
517 3167 694 3252 perturbes
710 3165 843 3231 caerula
858 3188 943 3251 quae
957 3167 1040 3241 sint,

38 3291 68 3338 :n
84 3303 246 3370 numquam
261 3286 295 3349 in
310 3304 529 3348 marmoreum
544 3289 689 3367 possunt
702 3280 842 3366 migrare
857 3281 1018 3345 colorem.

85 3397 125 3460 sin
138 3399 199 3462 alio
216 3407 318 3483 atque
333 3400 396 3464 alio
412 3406 492 3462 sunt
505 3397 631 3461 semina
644 3396 750 3460 tincta
764 3395 892 3470 colere,

85 3531 157 3593 quae
171 3514 270 3577 maris
286 3511 434 3576 efficiunt
448 3533 546 3602 unum
562 3531 749 3598 purumque
763 3511 923 3584 nitorem,

85 3632 115 3687 ut
126 3647 222 3712 saepe
238 3649 280 3691 cx
295 3626 366 3690 aliis
381 3625 495 3690 formis
509 3625 676 3710 variisque
690 3625 803 3717 figuris

84 3737 209 3805 efficitur
226 3739 385 3827 quiddam
401 3738 601 3825 quadratum
615 3759 749 3824 unaque
763 3737 883 3822 ligura,

38 3858 68 3908 tu
85 3856 292 3919 conveniebat
302 3861 359 3931 ,ut
371 3855 406 3918 in
421 3852 587 3939 quadrato
604 3853 767 3916 cernimus
783 3871 855 3914 esse

84 3963 244 4032 dissimiles
259 3967 400 4043 formas,
411 3969 459 4032 ita
473 3986 610 4032 cernere
625 3967 659 4030 in
673 3986 819 4050 aequore
834 3963 928 4051 ponti

84 4087 132 4143 aut
145 4082 206 4147 alic
221 4084 255 4146 in
271 4083 391 4168 quovis
405 4059 641 4169 und-puroque
655 4080 765 4143 nitore

92 4263 271 4277 '‘Qun—.-

86 4361 125 4408 759
141 4363 294 4434 omnigenus
323 4365 333 4432 ll
361 4367 410 4415 760
429 4343 573 4414 Praeterea
599 4360 610 4426 ll
642 4365 690 4412 763
714 4357 836 4429 exemplo
863 4359 873 4426 ΙΙ
901 4363 948 4418 765
972 4364 1086 4426 possunt
1112 4357 1123 4421 ll
1150 4357 1198 4404 779

86 4437 183 4506 figuras.
201 4443 212 4512 ΙΙ
231 4451 280 4499 780
298 4446 336 4498 uti
355 4445 367 4516 fl
384 4449 432 4496 781
453 4459 568 4513 aequora

977 4535 996 4596 5
