2990 5202
659 485 706 554 111
1166 489 1233 558 197

119 667 281 744 correpta
293 657 486 735 efferemus,
498 661 642 726 Protiruu
653 683 744 747 ceper
754 661 921 746 cymbalae
931 665 1023 726 etiarn
1033 665 1101 739 vic,
1115 663 1233 750 Tityre,

117 759 197 822 duco
204 782 217 839 ,·
226 757 292 822 nisi
305 757 396 823 forte
411 757 627 824 scribendum
644 769 697 824 cst
711 781 769 844 opo
777 808 785 839 ,
797 771 825 823 et
835 761 898 824 iam
909 759 989 825 lunc
999 763 1068 824 vic.
1081 758 1233 826 Catullus
1353 843 1358 855 .

117 856 154 920 in
169 857 315 922 carmine
325 857 375 932 61,
385 857 444 932 98,
459 858 517 924 ubi
532 857 675 922 inlibris
691 859 845 923 estcidea
858 858 988 945 atscces
995 905 1004 937 ,
1015 879 1085 922 non
1097 860 1234 944 scripsit

117 955 186 1018 ride
199 955 328 1042 aitsncrs
338 953 524 1041 splendidas
537 958 678 1042 pamtirrnt
691 979 813 1034 comas,
828 954 1014 1020 sed'cidrn?
1021 956 1114 1043 sacer
1124 983 1134 1020 :
1154 978 1231 1020 nam

116 1061 173 1132 ut,
194 1054 352 1137 quotiens
366 1053 480 1120 valeat
493 1053 530 1118 id
546 1053 640 1138 quod
654 1053 802 1140 quomodo
817 1101 826 1132 ,
846 1060 946 1118 acuto
963 1062 1104 1118 accentu
1121 1055 1231 1120 ell'erri

116 1157 289 1216 testantur
303 1149 477 1216 Charisius
491 1172 523 1236 p.
532 1150 594 1216 202
603 1199 612 1226 ,
622 1151 806 1216 Diomedes
816 1173 849 1237 p.
858 1151 938 1229 388,
950 1149 1090 1216 Servius
1105 1152 1150 1216 ad
1165 1155 1231 1218 Ae·

116 1247 237 1312 neidos
252 1267 274 1329 1,
283 1249 343 1313 667
365 1299 372 1313 .
395 1271 506 1336 neque
520 1249 685 1314 Horatius
699 1250 734 1314 in
749 1250 969 1335 epistularum
984 1248 1058 1324 ιι,2,
1071 1249 1129 1312 163
1146 1250 1231 1315 dixit

116 1367 223 1431 rumpe
235 1347 325 1411 modo
339 1347 415 1422 isto,
430 1347 493 1412 sed
506 1349 596 1413 modo
609 1360 654 1412 rto
669 1397 675 1410 .
692 1348 741 1412 sic
755 1349 791 1412 in
805 1346 976 1412 Aeneidos
991 1368 1037 1421 vi,
1046 1346 1107 1412 389
1121 1347 1231 1412 Medi·

116 1463 197 1508 ceus
206 1444 423 1528 primamanu
433 1447 497 1510 inm
505 1446 633 1526 stincin
641 1445 687 1509 111.
697 1445 800 1510 Tullii
808 1445 1044 1510 Accusationis
1056 1445 1142 1510 libro
1152 1469 1173 1518 ι,
1181 1445 1232 1526 47,

119 1539 178 1606 123
192 1540 380 1606 Vaticanus
401 1565 489 1630 quem
512 1545 688 1620 ammodum
706 1555 749 1608 ste
759 1591 768 1623 ,
783 1544 817 1607 in
838 1543 988 1608 eiusdem
1011 1543 1232 1628 epistularum

115 1661 171 1713 arr,
183 1639 258 1714 19,4
270 1639 406 1704 Cassius
420 1652 522 1705 ulnam
535 1652 600 1716 ato,
614 1641 688 1726 ipse
703 1641 738 1704 in
750 1664 793 1717 iv,
802 1641 830 1714 3,
840 1640 859 1704 2
871 1641 948 1728 quid
959 1665 1008 1705 me
1021 1651 1067 1706 stc
1081 1665 1130 1706 res
1137 1689 1147 1721 ,
1158 1639 1230 1705 No·

114 1737 191 1801 nius
208 1761 239 1824 p.
247 1737 347 1813 4284
369 1759 412 1804 ex
427 1736 598 1804 Ciceronis
622 1739 664 1804 de
680 1747 818 1804 oratore
833 1763 855 1814 1,
863 1740 903 1804 87
925 1763 1005 1826 quae
1023 1741 1062 1804 ati
1080 1739 1230 1818 rhetores,

114 1835 273 1922 idemque
287 1859 320 1921 p.
328 1837 399 1912 448,
407 1837 449 1901 30
465 1846 500 1902 et
513 1837 584 1914 536,
591 1837 632 1903 33
647 1838 844 1903 eVarronis
855 1836 975 1902 Modio
990 1849 1230 1925 quarteriorum,

115 1935 180 1998 iam
198 1947 259 2000 aloc
280 1937 358 2000 dicto
373 1956 404 2020 p.
414 1935 486 2012 476,
494 1937 536 2000 20
551 1957 569 2001 e
582 1936 696 2000 Plauti
711 1936 893 2002 Bacchisin
908 1937 990 2010 1v‚4‚
1000 1935 1041 2000 28
1051 1983 1058 2011 ‚
1069 1936 1231 2022 inperiosi

113 2043 159 2096 sto
175 2053 193 2096 e
206 2033 349 2098 Caecilio
365 2035 494 2098 comico
510 2055 542 2118 p.
556 2034 690 2108 127,16,
706 2035 864 2098 ePatruo
874 2034 1054 2119 Pomponii
1069 2056 1100 2118 p.
1109 2033 1180 2106 474,
1189 2031 1230 2096 25

115 2131 345 2219 Mirumsncies
355 2179 363 2206 ‚
369 2131 462 2218 fatre
479 2181 488 2210 ,
509 2135 538 2196 ai
556 2135 626 2197 stad
644 2135 773 2198 nimium
787 2133 884 2217 (libri
898 2134 925 2196 si
938 2134 1090 2216 studium)
1104 2131 1231 2195 mir-ubis

114 2231 169 2293 diu
184 2278 194 2309 ,
212 2231 340 2294 nimiam
352 2240 417 2294 stuc
440 2251 483 2293 ex
496 2229 663 2315 Adelphis
678 2231 830 2296 Terentii
845 2255 881 2307 ιι,
894 2230 969 2306 1,15
989 2253 1021 2316 p.
1031 2229 1101 2304 367,
1110 2229 1151 2291 23
1166 2277 1174 2304 ,
1195 2229 1229 2294 in

114 2335 325 2392 consonante
339 2349 422 2392 vera
435 2339 468 2392 ut
479 2340 543 2392 stac
558 2351 601 2392 ex
611 2329 741 2393 Andria
756 2353 805 2401 ιιι,
814 2330 843 2403 3,
853 2328 895 2392 34
908 2349 940 2413 p.
950 2328 1020 2402 219,
1030 2329 1071 2392 20
1087 2336 1121 2392 ct
1137 2325 1229 2412 apud

114 2425 313 2490 Ciceronem
327 2447 390 2511 pro
401 2425 515 2492 Tullio
531 2447 604 2513 cap.
616 2427 636 2492 8
650 2428 727 2514 quid
739 2427 839 2507 codd,
853 2428 978 2513 inquid,
991 2428 1047 2490 stic
1060 2427 1158 2512 nepoti
1171 2426 1229 2488 im·

112 2547 180 2588 utro
202 2522 272 2588 est?
291 2523 382 2588 idem
403 2524 469 2588 hoc
483 2525 630 2611 Priapeo
646 2525 687 2614 69
709 2524 956 2590 restituendum
973 2532 1057 2610 puto
1072 2571 1080 2598 ‚
1096 2524 1153 2588 ubi
1176 2531 1229 2588 cst

113 2625 195 2702 cisi,
218 2625 267 2688 sic
282 2671 290 2698 ‚
306 2624 506 2690 Smerdalrca
521 2636 600 2688 certe
612 2627 651 2688 sti
663 2641 714 2688 'res
726 2649 787 2688 raon
803 2625 919 2688 mimda
932 2633 1078 2702 cocum,
1100 2621 1229 2686 scilicet

114 2721 282 2796 Homero,
295 2723 388 2786 cuius
403 2729 484 2788 sunt
495 2719 671 2807 ΣιιερΔιιλὲ
692 2721 856 2806 eiptlrenra
872 2726 908 2784 et
922 2717 1130 2803 {uepoatioc
1146 2717 1228 2792 A'ai·

114 2823 181 2908 rifan
197 2821 284 2898 dina
301 2821 530 2885 aeaaamuiaoc
546 2821 641 2908 laus.
653 2829 755 2905 atque
768 2841 809 2885 ea
819 2819 1028 2906 pronominis
1040 2817 1150 2885 forma
1159 2838 1229 2881 non

112 2918 248 2983 videtur
262 2927 333 2984 tam
346 2920 476 2984 rustica
484 2918 590 2982 fuisse
606 2939 706 3003 quam
717 2919 836 3002 putavi
851 2938 927 2982 cum
939 2916 982 2981 de
994 2937 1034 2980 ea
1045 2917 1228 2980 scriberem

113 3016 159 3082 ad
173 3017 309 3100 Ulpiani
328 3015 520 3102 regularum
536 3016 657 3079 librum
672 3015 729 3088 2,7
745 3023 780 3078 ct
794 3013 839 3078 ad
855 3014 974 3076 Gaium
990 3035 1022 3096 p.
1036 3012 1095 3075 128
1114 3058 1121 3073 .
1151 3033 1228 3074 nam

110 3117 168 3180 islo
182 3113 374 3200 disyllabon
387 3114 423 3176 in
438 3113 573 3176 Horatii
586 3133 688 3176 versu
703 3120 814 3176 totum
834 3110 968 3196 gravari
988 3110 1140 3193 potuisse
1157 3129 1228 3172 cre-

111 3212 217 3279 dibile
239 3231 310 3274 nou
331 3219 402 3286 est3
424 3229 625 3294 quamquam
639 3209 788 3273 Lucilius
810 3217 845 3272 et
863 3207 1015 3271 Catullus
1036 3205 1103 3270 hoc
1124 3204 1227 3270 modo

110 3310 252 3376 minoris
267 3307 427 3394 ponderis
442 3307 609 3373 vocabulo
625 3309 678 3374 usi
693 3317 773 3372 sunt
787 3319 895 3394 aque,
908 3304 1010 3380 Silius
1025 3302 1229 3389 quibusdam

111 3407 443 3497 praepositionibus.
464 3406 584 3471 Lucilii
606 3414 658 3471 est
680 3417 740 3470 trite
760 3405 827 3470 cide
848 3417 938 3492 atque
952 3398 1122 3491 disy'llabca
1136 3399 1229 3487 apud

112 3507 257 3574 Nonium
274 3529 306 3592 p.
315 3505 417 3580 26,7,
439 3504 588 3570 eiusdem
600 3505 689 3592 fieus
709 3515 798 3591 alque
820 3503 956 3568 acaddai
976 3499 1067 3588 apud
1084 3498 1228 3564 eundem

112 3631 144 3694 p.
157 3605 225 3684 175,
238 3606 275 3668 13
287 3651 295 3678 ‚
307 3603 428 3668 Catulli
439 3603 475 3666 in
485 3604 549 3666 io'co
561 3613 651 3690 utque
662 3604 730 3667 virro
744 3601 819 3680 12,2
832 3611 867 3666 ct
873 3602 979 3689 frater
990 3605 1045 3664 rive
1057 3609 1148 3686 alque
1158 3598 1226 3662 vclle

115 3703 233 3779 101,10
249 3704 472 3788 (quamquam
485 3701 711 3781 Quintilianus
719 3711 744 3778 ἰ,
753 3701 783 3776 6,
792 3702 830 3766 21
844 3722 906 3764 suo
919 3707 1072 3783 tempore
1083 3697 1160 3762 linae
1175 3718 1227 3760 se·

113 3801 225 3866 cunda
246 3807 405 3886 correpta
427 3798 493 3863 dici
516 3807 684 3876 testatur,
701 3798 794 3884 quod
810 3807 923 3862 tamen
946 3803 1124 3882 poetarum
1146 3815 1227 3858 usus

112 3922 181 3965 non
197 3900 398 3983 confirmat),
408 3897 480 3962 Silii
494 3918 529 3975 11,
538 3895 599 3960 227
615 3897 699 3962 Inter
713 3898 845 3982 dumque
858 3901 954 3959 indua
964 3942 973 3972 ,
984 3895 1064 3956 iuter
1077 3892 1149 3954 daim
1164 3893 1227 3956 clo-

111 4021 196 4063 more
209 4000 358 4084 minisque
371 4045 380 4076 ,
404 4019 476 4070 ιιιιι,
485 3995 525 4058 75
539 3997 664 4081 mitique
677 4001 772 4059 miluc
786 3997 870 4058 iutra
885 3994 993 4058 limina
1007 3993 1108 4064 ducit,
1124 4013 1155 4066 x,
1164 3989 1225 4054 309

111 4097 250 4182 misitque
263 4097 323 4159 ciri
335 4097 413 4160 later
427 4095 531 4160 sidera
545 4117 654 4157 nomm
669 4141 675 4156 .
689 4093 845 4178 praemisi
858 4093 990 4154 rariora
1006 4097 1039 4154 et
1053 4111 1162 4174 prope
1177 4089 1225 4152 vi·

112 4195 221 4258 tineas
241 4193 346 4257 maior
368 4213 449 4277 pars
470 4197 649 4278 poetarum
671 4197 753 4278 post
774 4187 941 4254 vocabula
961 4188 1105 4254 iambica
1127 4184 1227 4250 nullis

112 4291 186 4356 aliis
209 4290 318 4356 locum
340 4292 510 4356 concessit
529 4290 594 4354 nisi
611 4311 699 4376 quae
721 4295 781 4352 aut
801 4286 1035 4374 monosyllaba
1056 4291 1170 4350 essent
1193 4289 1228 4346 et

111 4391 230 4476 gravia
257 4397 316 4454 aut
341 4389 622 4477 hyperdisylleba
650 4396 730 4474 post
756 4387 898 4471 primam
920 4384 1084 4470 syllabam
1110 4385 1226 4444 acuta.

111 4489 198 4554 haec
219 4509 289 4552 non
309 4488 412 4552 modo
429 4487 552 4573 liquos
574 4486 665 4550 ultra
685 4505 887 4572 progressos
908 4503 984 4546 esse
1000 4480 1069 4544 dixi
1085 4475 1226 4541 admise-
