2990 5202
284 495 352 564 172
813 493 861 564 ΠΙ
926 571 929 578 ,

277 669 443 736 Marullus
457 689 537 748 cerr,
554 667 728 734 verissime
743 691 750 732 ε
769 667 833 734 sed
848 669 891 735 ab
906 689 948 734 eo
963 689 1031 736 non
1047 667 1162 736 differt
1175 693 1245 749 cor,
1256 669 1328 735 boc
1343 677 1399 736 est

278 792 380 856 quor,
398 786 497 852 quem
517 765 699 833 admodum
719 789 785 832 com
805 789 869 853 pro
884 791 975 854 praem
989 767 1093 832 scribi
1107 767 1252 833 vidimus
1266 768 1358 834 libro
1374 793 1396 844 1,

283 866 361 932 1077
371 913 379 930 .
388 889 441 930 cor
453 867 489 930 in
499 865 666 930 Martialis
675 863 764 930 libro
775 887 821 941 nu,
829 865 909 940 46,8
921 886 939 932 e
951 865 1069 932 codice
1080 865 1240 932 Leidensi
1250 866 1396 932 Schnei-

280 961 432 1029 dewinus
442 964 600 1050 protulit.
609 962 811 1028 Wakefieldi
822 963 1097 1050 perversitatem,
1110 985 1185 1028 cum
1199 965 1328 1049 probat
1341 989 1396 1030 cor

279 1065 434 1128 lomim
450 1111 459 1143 ,
481 1069 515 1127 et
528 1061 706 1148 Forbigeri
720 1061 950 1136 mendacium,
966 1081 1034 1147 quo
1050 1061 1323 1148 Havercampnm
1338 1087 1395 1128 cur

279 1163 408 1226 dominis
421 1160 558 1227 dedisse
572 1160 673 1235 dicit,
688 1158 964 1244 praeteribimus.

360 1259 431 1326 479.
449 1259 584 1324 Consi
599 1279 874 1324 vacmrusnrr
885 1306 893 1323 .
905 1258 1087 1324 Corrector
1098 1258 1237 1345 oblongi
1251 1281 1392 1325 vacin-

278 1381 417 1424 enarr

359 1456 431 1524 482.
453 1457 591 1522 Cunna
620 1477 748 1521 surr.
771 1455 827 1520 Sic
849 1463 993 1541 uterque
1015 1455 1205 1520 Vossianus
1227 1456 1300 1521 sine
1323 1456 1392 1520 ulla

278 1559 489 1624 correctione
512 1603 520 1631 ‚
547 1553 668 1638 nequis
689 1549 926 1638 Havercampo
949 1553 1068 1618 credat
1087 1554 1123 1618 io
1144 1562 1291 1638 utroque
1314 1575 1391 1620 esse

281 1655 483 1721 oronam.
494 1651 648 1737 impressi
662 1659 772 1732 recte,
783 1659 822 1714 ut
835 1651 929 1728 Itali,
944 1652 1007 1718 Gur
1020 1673 1070 1714 el
1083 1663 1168 1716 sum.

360 1751 432 1816 492.
457 1750 511 1815 Νι
538 1771 670 1814 ursum
698 1771 778 1824 our
806 1773 871 1815 vis
898 1772 1025 1815 nosnr
1053 1765 1286 1814 nrsrsucrs
1315 1773 1390 1814 ren

277 1871 406 1915 Annus
420 1848 609 1922 Tonsor,
620 1867 753 1912 nosse
768 1868 934 1912 urinas
950 1870 1131 1914 urnulas
1147 1873 1188 1914 rs
1201 1869 1388 1923 isouore

277 1969 403 2014 salso
418 1945 649 2014 Vnsrosnn
669 1967 838 2011 vaniore
860 1968 1299 2013 servescnrrvnnrnns
1315 1969 1388 2012 ns·

275 2055 354 2112 'nnn
371 2095 378 2110 .
394 2045 459 2110 His
473 2051 510 2110 et
522 2043 684 2130 proximis
699 2044 854 2110 versibus
868 2049 972 2130 poeta
985 2065 1102 2110 eorum
1117 2066 1204 2130 quae
1218 2043 1323 2110 modo
1338 2043 1387 2110 di·

276 2154 375 2214 xerat
386 2165 506 2210 censes
518 2143 772 2229 explicat.ergo
784 2150 864 2208 ante
875 2144 987 2208 omnia
996 2143 1212 2210 scribendum
1224 2150 1387 2218 estquis

275 2247 321 2310 cis
333 2245 433 2309 morbi
449 2244 479 2306 Τ
474 2244 566 2308 orbat
580 2289 588 2318 ,
613 2241 707 2328 quod
727 2240 857 2307 babent
871 2240 1038 2306 Antonius
1052 2241 1154 2306 Marii
1167 2248 1203 2305 et
1215 2241 1294 2305 libri
1309 2239 1387 2304 olim

193 2427 196 2434 Ι
275 2343 429 2430 impressi
442 2391 449 2406 .
461 2361 549 2427 quae
563 2348 676 2406 autem
689 2346 966 2427 praecesserant,
982 2347 1080 2406 erant
1094 2339 1195 2414 hoec,
1210 2339 1389 2404 Grandine

274 2467 399 2530 mimos
414 2442 498 2526 opit,
514 2441 639 2525 inponit
652 2451 681 2503 et
693 2441 793 2504 cernit
805 2449 909 2518 amus,
924 2439 1063 2522 Decipit.
1078 2437 1200 2504 borum
1213 2457 1297 2522 pars
1311 2459 1387 2501 cum

274 2543 309 2606 in
324 2539 485 2627 proximis
499 2538 548 2601 ita
562 2543 738 2620 repetatur
752 2583 760 2611 ,
776 2537 972 2622 Exprimitrrr
980 2559 1079 2621 porro
1090 2537 1217 2622 pertitio
1230 2584 1239 2614 ‚
1255 2538 1332 2622 qnia
1345 2573 1378 2582 —

275 2647 311 2702 et
325 2634 583 2722 Despiertiofit,
605 2635 680 2719 quio
693 2669 735 2680 -·
751 2681 760 2712 ,
779 2640 933 2719 apertum
948 2641 1001 2698 est
1014 2632 1071 2698 hic
1085 2633 1266 2698 dicendum
1280 2633 1386 2698 fuisse

274 2757 366 2822 operer
378 2734 513 2797 merrom
527 2751 683 2794 srnnlr
697 2777 706 2806 ‚
725 2749 794 2794 non
808 2754 953 2817 spumans
963 2757 974 2795 :
988 2751 1066 2796 nam
1079 2754 1221 2818 prorsus
1234 2733 1351 2818 inepte
1365 2753 1385 2796 a

273 2830 419 2900 Marullo
439 2827 571 2893 inducti
590 2849 705 2892 omnes
728 2829 937 2916 coniungunt
955 2829 1063 2906 haec,
1082 2832 1127 2894 oie
1146 2832 1245 2896 morbi
1269 2831 1385 2896 Turbae

273 2953 366 3019 operes
381 2930 516 2994 aramum
526 2929 680 3012 (animum
691 2925 873 2992 Creeohius
887 2927 1032 3012 primus,
1044 2935 1079 2994 et
1094 2927 1230 3014 quidem
1244 2930 1383 3015 tacite),

273 3029 371 3116 quusi
390 3027 529 3093 morbus
550 3034 668 3114 posset
689 3027 832 3092 animam
853 3047 954 3112 agere
969 3077 976 3092 .
991 3049 1095 3114 porro
1112 3035 1286 3092 corrector
1301 3051 1382 3114 qus·

272 3127 363 3194 drati
376 3149 445 3193 non
458 3126 573 3211 inepte
588 3175 596 3202 ‚
611 3132 646 3190 et
659 3133 699 3191 ut
713 3124 910 3192 ostenderet
924 3145 961 3190 se
975 3147 1077 3192 unum
1091 3127 1237 3192 omnium
1251 3135 1382 3212 partem

272 3227 460 3294 sententiae
472 3231 564 3288 rente
574 3225 769 3309 percepisse
777 3225 874 3304 ,velut
883 3245 1014 3310 mquore
1025 3225 1122 3290 sulco.
1134 3224 1197 3289 sed
1204 3225 1320 3310 potius
1329 3235 1381 3292 est

271 3334 310 3390 ut
324 3331 459 3389 utamur
471 3321 593 3386 litteris
608 3342 696 3406 quae
710 3329 791 3408 post
805 3344 965 3388 srnnar
981 3331 1136 3388 servatae
1154 3332 1256 3400 sunt,
1273 3347 1380 3390 vsrs:

271 3425 387 3507 itaque
401 3418 617 3485 scribendum
632 3427 685 3484 est
700 3442 819 3496 onesi
834 3443 878 3484 rs
893 3443 1025 3507 aequore
1035 3423 1116 3488 salso
1133 3423 1294 3488 Ventorum
1304 3425 1380 3488 noli·

271 3519 501 3607 disseruerim
512 3517 627 3580 mribus
640 3518 758 3582 ardue.

353 3615 424 3680 496.
439 3637 487 3679 nr
502 3637 662 3679 ommno
678 3637 784 3692 onon
801 3619 1378 3686 ssnuelvoorsEnrcwsrnr.

270 3715 363 3781 Nihil
378 3721 431 3780 est
446 3720 543 3779 extra
557 3733 682 3798 corpus
697 3715 828 3801 aegroti
839 3714 932 3800 quod
943 3716 1070 3780 semina
1079 3718 1174 3783 vocis
1185 3719 1303 3799 dicire,
1317 3719 1380 3782 sed

270 3816 344 3900 ipsa
358 3813 392 3879 vi
406 3811 775 3879 morbiErcrnrrns.
787 3813 1006 3880 itaLambino
1019 3821 1106 3880 teste
1118 3816 1305 3882 doctissimi
1315 3818 1378 3882 viri

270 3912 447 3998 legendum
461 3918 728 4000 praeceperunt,
740 3913 862 3999 quibus
876 3913 950 3999 ipse
964 3913 1150 3980 rectissime
1165 3916 1379 4002 obtempera-

269 4011 337 4074 vit.
350 4010 428 4077 vide
443 4033 528 4097 quae
544 4011 613 4076 dixi
628 4009 673 4076 ad
688 4031 822 4076 versum
837 4011 878 4077 58
893 4020 928 4076 et
942 4011 988 4076 ad
1001 4012 1123 4078 librum
1139 4036 1183 4088 ιν,
1193 4014 1271 4080 944.

353 4107 422 4174 522.
434 4131 501 4172 urr
518 4133 539 4170 n
548 4131 666 4174 noonr
678 4161 684 4174 .
697 4111 878 4176 Correotor
894 4109 1069 4196 quadrati,
1079 4111 1158 4177 item
1170 4110 1248 4176 Itali
1260 4121 1294 4178 et
1305 4113 1379 4178 Ma·

269 4208 392 4281 rullus,
407 4208 605 4271 ulinoon1.

351 4303 421 4370 523.
442 4327 595 4370 rsnsse
611 4329 831 4373 errrorem.
854 4307 923 4372 525.
940 4331 1172 4374 susumus
1188 4359 1194 4373 .
1211 4309 1377 4376 Marullus

269 4425 440 4469 remorer
469 4409 503 4468 et
534 4426 768 4469 nernrurn.
797 4427 877 4470 mox
898 4427 1000 4471 versu
1021 4406 1081 4470 527
1104 4406 1294 4492 quadratus
1316 4409 1377 4474 dis·

263 4503 409 4588 perdere.
