3034 5204
191 1835 309 1956 Anto
323 1892 388 1956 lios
402 1890 491 1954 mille
504 1911 610 1954 annos
622 1891 655 1954 in
668 1889 919 1980 quadanr'regni
930 1891 1083 1958 Francici
1096 1901 1193 1978 parte
1204 1913 1305 1957 unum

190 1997 369 2077 supererat
376 1989 570 2054 Lucretiani
585 1989 741 2054 carminis
753 1991 925 2077 exemplar
936 1991 1126 2076 antiquum,
1140 2011 1238 2077 equo
1252 2013 1305 2056 ce·

191 2098 283 2165 tera,
299 2109 441 2174 quorum
457 2097 536 2176 post
550 2087 606 2152 illa
621 2096 775 2174 tempora
785 2089 945 2153 memoria
956 2089 1035 2164 fuit,
1052 2088 1201 2154 deducta
1212 2103 1306 2162 sunt:

191 2189 256 2252 nisi
277 2185 367 2252 forte
390 2207 465 2250 euru
488 2187 599 2252 librum
620 2186 759 2250 Lucretii
780 2209 875 2250 terram
898 2209 998 2272 quom
1019 2187 1154 2251 saeculo
1176 2187 1305 2251 decimo

189 2286 379 2352 Bobicnses
394 2306 430 2349 se
444 2283 573 2349 habere
587 2285 797 2371 scripserunt
812 2285 846 2347 in
861 2285 1017 2370 catalogo
1033 2305 1053 2348 a
1066 2283 1257 2350 Muratorio
1272 2287 1306 2349 in

192 2384 460 2468 Antiquitatibus
480 2381 606 2448 Italicis
626 2381 738 2460 edito,
759 2390 851 2445 tomo
867 2405 905 2446 ur
921 2405 952 2469 p.
964 2381 1045 2457 820,
1067 2391 1101 2446 et
1120 2383 1227 2469 ipsum
1242 2384 1305 2447 iam

192 2493 274 2546 tunc
289 2482 463 2567 antiquum
479 2479 583 2544 luisse
598 2480 762 2566 suspicari
778 2479 947 2546 volumus.
963 2489 1056 2545 certe
1069 2480 1169 2544 buius
1180 2479 1307 2545 nullum

191 2601 334 2666 usquam
358 2587 453 2644 extat
473 2578 676 2665 vestigium:
699 2599 741 2642 ex
763 2578 820 2643 illo
842 2601 941 2664 quem
961 2580 996 2643 in
1016 2599 1122 2666 regno
1143 2579 1306 2645 Francico

192 2678 298 2744 fuisse
323 2677 476 2743 dicebam
501 2676 597 2741 multi
618 2675 748 2750 tribus,
771 2686 934 2762 quantum
957 2697 1164 2763 cognoscere
1185 2699 1307 2763 possu-

193 2797 283 2852 mus,
301 2775 462 2862 exemplis
483 2775 646 2863 descripti
666 2787 762 2840 sunt.
780 2776 816 2840 id
837 2776 1008 2862 exemplar
1027 2784 1307 2842 ceterorum-sa·

193 2895 406 2938 cunrrron
435 2873 503 2958 (ita
529 2871 700 2965 appellare
726 2873 841 2958 soleo)
871 2875 1024 2937 constitit
1047 2875 1179 2960 paginis
1205 2898 1308 2950 cocu,

194 2993 336 3058 quarum
346 2993 415 3035 non
427 2979 558 3035 tantum
567 2971 675 3057 prima
688 2979 722 3035 et
730 2972 861 3046 ultima,
871 2970 933 3035 sed
941 2977 1119 3058 praeterea
1128 2974 1309 3037 centesima

193 3071 428 3157 nonagesima,
444 3090 531 3154 quae
552 3076 626 3134 erat
645 3075 725 3156 post
744 3068 843 3132 linem
858 3069 935 3133 libri
950 3068 1079 3151 quarti,
1096 3069 1309 3156 conscriptae

194 3190 263 3232 non
273 3167 427 3233 fuerunt:
441 3168 521 3232 item
533 3187 601 3231 una
611 3168 646 3230 in
657 3167 744 3232 libro
756 3167 882 3254 primo,
897 3173 936 3228 ut
947 3164 1055 3229 dicam
1068 3164 1112 3229 ad
1124 3165 1223 3230 huius
1234 3187 1310 3230 ver·
1427 3235 1431 3242 ,

195 3289 269 3333 sum
282 3267 377 3343 1093,
390 3285 497 3330 vacua
508 3265 573 3329 fuit
583 3265 719 3330 relicta:
730 3265 765 3329 in
776 3254 914 3348 reliquis
924 3259 1191 3328 fueruutversus
1200 3265 1311 3352 vigeni

195 3366 285 3440 seni,
298 3366 334 3429 in
352 3363 471 3429 ultima
491 3365 567 3430 libri
587 3364 749 3450 cuiusque
764 3363 943 3449 pauciores
955 3411 962 3425 .
976 3383 1081 3448 porro
1097 3363 1168 3426 eius
1184 3364 1311 3429 codicis

195 3463 397 3552 scripturam
413 3461 534 3527 litteris
550 3462 750 3548 capitalibus
761 3459 1013 3548 gracilioribus,
1028 3481 1097 3523 non
1108 3460 1311 3538 uncialibus,

195 3561 300 3626 fuisse
311 3559 563 3626 multisindiciis
573 3559 732 3648 cognosci
740 3559 1128 3645 potesttvocabulorum
1138 3559 1311 3638 distinctio

195 3659 287 3723 nulla
295 3659 372 3734 fuit,
383 3661 625 3724 sententiarum
635 3658 908 3722 constantissima
915 3657 950 3720 in
959 3655 1078 3735 mediis
1088 3659 1258 3724 versibus.
1270 3681 1312 3724 ex

197 3757 320 3842 quibus
336 3758 438 3822 rebus
452 3755 658 3840 intellegitur
674 3775 748 3818 eum
764 3755 900 3818 saeculo
916 3761 996 3841 post
1011 3753 1182 3819 Christum
1196 3765 1312 3820 natum

197 3863 320 3939 quarto
336 3857 499 3940 quintove
514 3853 743 3938 conscriptum
759 3853 881 3928 fuisse,
895 3851 1099 3938 Vergilianis
1115 3853 1313 3940 exemplari·

195 3953 278 4028 bus,
294 3975 381 4038 quae
403 3975 444 4018 ex
465 3975 506 4018 eo
530 3971 653 4038 genere
669 3957 869 4036 supersunt,
884 3948 1099 4014 simillimum.
1120 3949 1187 4014 hoc
1202 3959 1313 4016 tamen

197 4051 426 4117 confitendum
450 4059 520 4126 cst,
534 4069 646 4134 neque
667 4047 838 4113 librarium
859 4067 930 4112 rem
951 4069 1045 4112 suam
1064 4047 1146 4111 satis
1162 4049 1314 4116 studiose

198 4149 325 4235 egisse,
340 4171 452 4235 neque
473 4156 703 4224 correctores,
719 4168 806 4234 quos
825 4147 860 4211 in
877 4147 966 4212 libro
982 4146 1184 4233 expoliendo
1201 4169 1314 4214 curam

198 4247 386 4314 collocasse
407 4255 566 4334 apparet,
583 4247 688 4312 multa
704 4246 820 4312 abillo
835 4254 977 4334 peccata
992 4245 1208 4310 emendasset
1224 4255 1315 4310 certe

197 4365 242 4409 ne
256 4367 360 4410 uuum
376 4346 513 4432 quidem
524 4367 566 4410 ex
580 4347 621 4410 iis
633 4345 787 4410 versibus
800 4365 886 4431 quos
899 4345 1067 4409 omisisset
1078 4345 1314 4418 restituerunt;

197 4443 426 4509 utvideantur
434 4443 513 4510 mibi
524 4443 675 4510 codicem
685 4465 780 4508 suum
790 4491 798 4520 ‚
810 4441 930 4507 utsere
939 4443 1112 4519 dicebant,
1125 4443 1196 4507 sine
1207 4461 1316 4507 exem·

198 4541 308 4626 plario
324 4542 446 4629 legisse
462 4549 496 4608 et
510 4550 547 4604 ut
563 4543 737 4627 potuerint
752 4541 967 4607 emendasse.

1075 4639 1088 4702 l
1101 4641 1112 4664 .
