2946 5188
618 497 634 564 I

54 669 100 731 sic
115 667 203 731 alias
220 667 292 732 aliis
307 669 407 732 rebus
422 668 579 732 mutarier
594 669 721 733 omnis?

87 776 143 844 ‘nt
158 781 340 845 manifesta
354 782 462 868 palam
479 803 532 846 res
546 769 679 846 indicat'
693 783 803 869 inquis
815 779 856 848 ‘in
873 806 971 851 auras

51 895 135 960 atris
150 917 170 959 e
185 905 281 959 terra
295 917 350 959 res
365 897 472 960 omnis
488 917 641 960 erescere
656 898 781 983 alique:

19 1027 31 1070 ⁵
52 1015 83 1072 et
95 1009 160 1073 nisi
176 1017 364 1095 tempestas
377 1007 527 1096 indulget
541 1019 692 1097 tempore
707 1011 818 1075 fausto
867 1041 870 1048 ·

20 1141 31 1184 r
52 1123 167 1208 solque
184 1145 250 1188 sua
262 1145 325 1210 pro
340 1131 436 1208 parte
452 1123 547 1188 fovet
561 1126 744 1210 tribuitque
759 1126 921 1202 calorem,

19 1251 34 1298 t
52 1236 212 1301 imbribus
230 1245 263 1301 et
277 1239 355 1302 tabe
370 1237 554 1302 nimborum
569 1241 723 1304 ambusta
736 1239 907 1314 vacillent,

19 1367 35 1412 e
53 1371 202 1414 erescere
219 1373 288 1416 non
304 1353 436 1437 possint
449 1350 564 1437 fruges
577 1354 717 1419 arbusta
731 1354 906 1418 animantis
915 1357 931 1418 .'

56 1465 176 1528 seilicet
184 1514 194 1544 ,
208 1476 246 1529 et
258 1466 322 1530 nisi
336 1487 400 1531 nos
415 1466 508 1530 cibus
524 1466 637 1531 aridus
652 1475 686 1531 et
701 1474 797 1531 tener
810 1489 906 1532 umor

19 1595 37 1638 ,ο
56 1577 204 1652 adiuvet,
216 1580 339 1644 amisso
355 1581 418 1644 iam
434 1601 576 1667 corpore
591 1582 660 1645 vita
675 1602 810 1666 quoque
825 1583 931 1647 omnis

58 1694 205 1757 omnibus
223 1695 367 1758 enervis
382 1703 483 1780 atque
498 1696 631 1759 ossibus
647 1695 856 1760 exsoluatur:

57 1803 242 1870 adiutamur
257 1809 342 1871 enim
356 1806 459 1872 dubio
474 1809 593 1895 procul
606 1816 708 1892 atque
723 1809 838 1873 alimur
852 1832 915 1874 nos

60 1920 150 1985 certis
165 1921 208 1984 ab
227 1921 345 1998 rebus,
357 1921 456 1986 certis
471 1921 554 1986 aliae
568 1931 671 2007 atque
685 1923 767 1986 aliae
781 1945 852 1988 res.

61 2034 89 2094 ni
103 2035 238 2110 mirum,
252 2036 330 2119 quia
344 2035 446 2099 multa
460 2033 568 2101 modis
583 2037 767 2100 eommunia
781 2038 892 2102 multis

21 2159 43 2204 15
61 2148 228 2213 multarum
243 2169 355 2213 rerum
368 2149 402 2212 in
416 2150 517 2214 rebus
532 2150 715 2238 primordia
728 2150 832 2215 mixta

62 2270 146 2336 sunt,
156 2263 236 2327 ideo
252 2263 351 2327 variis
364 2264 477 2327 variae
492 2286 547 2328 res
562 2265 663 2328 rebus
679 2265 827 2328 aluntur.

62 2381 153 2459 atque
167 2376 285 2441 eadem
298 2377 409 2461 magni
423 2377 526 2470 refert
541 2376 722 2462 primordia
736 2399 837 2463 saepe

64 2508 127 2552 cum
141 2492 262 2574 quibus
279 2499 313 2554 et
327 2491 416 2575 quali
431 2492 583 2577 positura
598 2491 831 2557 contineantur

65 2608 92 2663 et
104 2625 185 2687 quos
199 2607 288 2669 inter
303 2625 339 2668 se
354 2602 436 2668 dent
449 2613 560 2671 motus
575 2606 823 2691 accipiantque:

20 2723 50 2770 uu
67 2735 196 2802 namque
212 2718 330 2783 eadem
345 2720 472 2783 eaelum
485 2741 575 2784 mare
589 2730 697 2785 terras
712 2720 846 2785 flumina
860 2722 964 2788 solem

67 2832 277 2912 oonststnunt,
289 2832 405 2898 eadem
419 2833 531 2919 fruges
547 2835 686 2898 arbusta
700 2835 890 2916 animantis,

69 2962 169 3009 verum
183 2947 256 3012 aliis
272 2948 404 3034 alioque
418 2945 519 3012 modo
535 2949 713 3014 commixta
727 2961 915 3014 moventur.

68 3058 132 3136 quin
146 3063 242 3126 etiam
257 3062 380 3148 passim
394 3061 520 3126 nostris
534 3062 568 3124 in
583 3061 736 3126 versibus
750 3061 832 3145 ipsis
932 3041 936 3052 ⁸

69 3171 156 3236 multa
169 3176 332 3242 elementa
346 3172 442 3266 vides
457 3174 568 3239 multis
583 3175 769 3239 eommunia
781 3176 910 3250 verbis,

22 3290 53 3334 irs
70 3301 128 3348 cum
142 3295 251 3353 tamen
264 3291 352 3354 inter
366 3311 404 3354 se
418 3310 538 3353 versus
553 3311 592 3354 aa
606 3290 712 3353 verba
725 3297 897 3355 necessest

70 3400 234 3467 confiteare
248 3411 281 3496 et
296 3425 333 3467 re
349 3411 383 3468 et
398 3405 508 3469 sonitu
523 3403 648 3468 distare
664 3403 812 3468 sonanti.

69 3515 177 3581 tantum
192 3519 357 3582 elementa
371 3525 497 3603 queunt
512 3526 700 3603 permutato
717 3517 834 3582 ordine
850 3519 938 3582 solo:
982 3581 985 3586 ,

71 3636 209 3694 atterum
225 3652 312 3717 quae
327 3639 406 3695 sunt
419 3631 617 3717 primordia,
627 3634 724 3720 plura
739 3631 898 3696 adhibere
968 3607 975 3620 Ι

73 3752 194 3819 possunt
207 3744 299 3810 unde
315 3755 439 3830 queant
453 3747 564 3810 variae
578 3769 633 3812 res
650 3768 801 3832 quaeque
817 3747 936 3810 creari.

28 3857 56 3898 *b
103 3851 189 3922 Nune
204 3867 243 3923 ut
256 3860 478 3946 Anaxagorae
493 3868 678 3924 scrutemur
692 3860 961 3925 homoeomerian

73 3983 152 4046 (luam
168 3971 249 4036 Grai
263 3983 448 4038 memorant
460 3995 524 4039 neo
538 3983 654 4040 nostra
669 3974 780 4038 dicere
794 3976 906 4060 lingua

73 4084 208 4150 concedit
222 4087 320 4152 nobis
335 4089 433 4174 patrii
448 4089 610 4154 sermonis
626 4097 772 4174 egestas,

73 4192 121 4256 Sul
132 4205 237 4264 tamen
252 4201 360 4287 ipsam
374 4225 443 4267 nem
457 4203 588 4268 facilest
602 4224 772 4290 exponere
787 4204 914 4277 verbis,

75 4355 253 4380 Ἢ-ῇ

76 4440 113 4484 aot
129 4444 228 4500 arbusta
245 4449 256 4516 Η
275 4454 323 4501 814
343 4449 505 4504 multimodis
523 4451 533 4519 tt
552 4450 709 4504 tarbellis.
728 4451 738 4518 ΙΙ
758 4455 806 4504 830
827 4459 852 4504 et
