2970 5268
260 451 330 520 188
806 451 839 523 V

256 623 494 712 nympharum,
507 624 627 709 quibus
643 646 661 688 9
676 625 808 690 scibant
822 627 937 690 umori’
950 626 1077 692 fluenta

184 756 234 802 990
257 739 385 804 lubrica
399 738 550 825 proluvie
563 739 658 824 larga
671 740 784 804 lavere
799 739 912 805 umida
925 763 1022 816 saxa,

255 853 368 920 umida
382 875 480 929 saxa,
491 873 593 938 super
607 852 704 916 viridi
719 854 878 918 stillantia
892 876 1022 934 musco,

256 976 291 1032 et
305 968 424 1054 partim
439 967 540 1053 plano
556 975 686 1031 scatere
701 975 802 1052 atque
819 989 992 1054 erumpere
1008 990 1141 1056 cumpo.

256 1105 318 1148 nec
334 1081 412 1146 dum
428 1103 481 1146 res
495 1081 564 1167 igni
579 1082 711 1147 scibant
724 1090 870 1148 tractare
885 1104 994 1168 neque
1009 1085 1057 1148 uti

255 1197 397 1284 pellibus
413 1205 447 1260 et
461 1197 577 1284 spoliis
592 1217 716 1283 corpus
730 1197 855 1262 vestire
869 1197 1030 1272 ferarum,

182 1329 232 1375 955
254 1311 315 1376 sed
328 1332 467 1376 nemora
480 1319 582 1396 atque
597 1332 699 1375 cavos
714 1313 835 1376 montis
851 1312 1019 1397 silvasque
1034 1311 1204 1388 colebant,

256 1435 291 1492 et
303 1425 440 1491 frutices
454 1427 542 1491 inter
557 1425 749 1491 condebant
763 1424 917 1511 squalida
930 1426 1091 1502 membre,

255 1541 397 1606 verbera
410 1547 585 1603 ventorum
600 1541 705 1606 vitare
719 1541 899 1626 imbrisque
915 1540 1039 1604 coacti.

255 1675 317 1719 nec
332 1675 505 1718 commune
519 1655 644 1718 bonum
658 1662 817 1738 poterant
831 1661 1002 1740 spectare,
1013 1675 1123 1738 neque
1137 1655 1212 1719 ullis

255 1769 403 1834 moribus
416 1767 502 1832 iuter
517 1789 554 1831 se
569 1769 700 1832 scibant
713 1791 776 1833 nec
790 1769 919 1854 legibue
933 1767 997 1831 uti.

182 1900 232 1948 900
255 1881 347 1969 quod
362 1884 482 1968 cuique
497 1881 666 1948 obtulerat
679 1881 825 1968 praedae
839 1883 991 1958 fortuna,
1004 1881 1135 1948 ferebat

255 2007 377 2084 sponte
391 2019 452 2062 sua
465 1997 528 2061 sibi
544 1997 686 2082 quisque
700 1999 812 2062 valere
827 2007 861 2062 et
875 1993 987 2060 vive're
1003 1995 1138 2062 doctus.

257 2123 291 2178 et
304 2111 422 2177 Venus
436 2112 470 2176 in
486 2111 576 2176 silvis
589 2111 749 2197 iungebat
765 2132 911 2198 corpora
924 2119 1108 2176 amantum:

219 2209 222 2216 ¹
256 2228 456 2294 conciliabat
470 2227 554 2290 enim
570 2226 624 2290 vel
636 2236 751 2291 mutua
766 2247 932 2312 quamque
947 2224 1071 2312 cupido

256 2345 311 2409 vel
325 2343 472 2409 violenta
486 2341 549 2405 viri
563 2341 614 2406 vis
629 2349 730 2427 atque
744 2342 886 2428 inpensa
897 2340 1002 2405 libido

183 2477 233 2522 955
255 2459 309 2523 vel
323 2437 484 2546 pretium,
494 2454 635 2541 glandes
650 2466 752 2540 atque
767 2458 876 2522 arbita
890 2455 943 2520 vel
957 2456 1030 2541 pira
1045 2455 1148 2518 lecta.

257 2580 292 2635 et
306 2591 460 2636 manuum
474 2571 555 2634 mira
569 2568 648 2633 freti
663 2571 787 2634 virtute
802 2568 992 2656 pedumque

257 2686 537 2751 consectabantur
552 2683 719 2748 silvestria
734 2684 844 2748 saecla
858 2683 1021 2757 ferarum,

256 2801 425 2886 multaque
438 2799 634 2874 vincebant,
644 2798 796 2863 vitabant
809 2818 917 2885 pauca
930 2797 1083 2872 latebris,

257 2915 498 3001 saetigerisque
512 2934 612 2998 pares
627 2914 731 2978 subus

185 3049 234 3096 979
256 3031 433 3097 missilibus
448 3029 538 3094 saxis
554 3037 588 3094 et
602 3050 722 3116 magno
739 3027 888 3116 pondere
904 3028 1036 3092 clavae.

739 3146 905 3212 silvestria
919 3145 1066 3210 membra

112 3279 118 3294 ·
148 3326 151 3335 ,
184 3280 233 3327 970
256 3261 347 3326 nuda
361 3261 487 3326 dabant
502 3269 626 3332 terrae,
639 3269 803 3323 nocturno
817 3270 968 3345 tempore
983 3259 1088 3342 capti,

258 3378 380 3440 circum
395 3395 432 3436 sc
446 3373 534 3437 foliis
549 3393 588 3435 99
603 3370 780 3436 frondibus
794 3370 1022 3436 involventes.

256 3512 318 3554 nec
333 3487 494 3576 plangore
509 3485 596 3550 diem
611 3507 730 3571 magno
746 3485 917 3568 solemque
932 3507 992 3569 per
1007 3507 1106 3571 agros

256 3604 464 3691 quaerebant
477 3599 591 3687 pavidi
605 3599 758 3686 palantes
772 3599 882 3664 noctis
896 3600 930 3664 iu
945 3600 1085 3676 umbris,

257 3717 318 3784 sed
330 3717 424 3782 taciti
437 3716 675 3801 respectabant
689 3735 873 3798 somnoque
887 3715 1024 3800 sepulti,

184 3851 234 3898 900
257 3834 336 3898 dum
349 3854 449 3899 rosea
461 3832 535 3896 face
551 3833 604 3896 sol
617 3829 755 3896 inferret
769 3829 892 3895 lumina
906 3829 1015 3894 caelo:

256 3972 277 4014 9
290 3949 402 4036 parvis
417 3946 510 4034 quod
526 3947 610 4011 enim
625 3953 828 4012 consuerant
842 3967 978 4010 cernere
994 3967 1125 4030 semper

257 4064 386 4129 alterno
402 4063 558 4127 tenebras
574 4071 608 4127 et
622 4063 728 4128 lucem
744 4073 894 4146 tempore
908 4061 1012 4147 gigni,

257 4201 326 4244 non
341 4187 414 4244 erat
426 4188 466 4242 ut
478 4177 549 4242 ficri
564 4185 681 4264 posset
693 4177 842 4241 mirarier
856 4195 1013 4260 umquam

292 4315 410 4322 -μ-

259 4361 447 4428 9499999971
467 4365 515 4411 953
534 4358 652 4412 scribunt
670 4360 680 4428 Η
699 4365 748 4412 959
767 4358 886 4412 sciebant
903 4357 913 4425 ΙΙ
932 4361 981 4409 962
1000 4356 1108 4427 lugebat
1128 4359 1138 4424 ΙΙ
1156 4364 1204 4410 970
1218 4357 1363 4411 Nudabant
1376 4360 1386 4424 ll

260 4451 309 4496 979
329 4443 431 4514 pervidi
451 4444 460 4512 Η
479 4448 528 4496 976
546 4451 622 4496 roten
639 4443 649 4510 ΙΙ
668 4449 716 4496 977
736 4441 851 4513 Apcrvie
