2990 5202
299 457 367 524 158
827 457 875 525 Ill

294 621 384 696 tieldi
393 631 705 716 interpretationem
715 631 874 716 intellego
886 681 892 694 .
902 631 1020 717 itaque
1031 630 1112 696 mihi
1121 631 1297 698 haecferri
1305 654 1410 718 posse

293 752 363 795 non
379 729 537 794 videntur
554 778 562 804 ‚
585 730 649 795 nisi
664 737 743 816 post
756 751 892 794 versum
913 731 1101 815 proximum
1123 731 1257 815 posita,
1273 732 1334 816 qui
1357 743 1410 796 est

296 827 429 914 btdyida
438 829 622 915 praesertim
636 850 705 892 man
719 850 843 892 ceram
857 851 948 914 saepe
961 829 1141 915 ceperimus.
1159 828 1207 892 ita
1229 829 1319 892 enim
1334 874 1343 903 ‚
1360 830 1409 892 iu-

295 929 383 1014 quit,
396 951 499 992 senuas
509 926 728 991 buidlaamirm
742 975 751 1006 ,
767 925 834 990 hoc
846 934 899 991 est
910 926 1010 992 dolor
1020 935 1165 992 tremere
1175 926 1259 990 facit
1270 926 1409 1000 oculos,

295 1049 421 1114 eosque
435 1048 456 1091 a
469 1024 606 1112 fulgidis
620 1023 777 1088 videndis
791 1031 962 1090 retractos
976 1023 1108 1088 detrudit
1121 1026 1165 1088 ad
1177 1025 1262 1110 ipsos
1277 1027 1362 1090 ades
1376 1037 1409 1089 et

295 1125 455 1214 pupulas,
468 1145 552 1208 quas
566 1124 632 1188 iam
648 1123 739 1188 solas
749 1121 884 1198 vident,
895 1123 1058 1186 larmiaibcs
1072 1143 1185 1186 rerum
1199 1119 1408 1209 fulgidarum

294 1227 368 1312 qaia
376 1225 636 1311 praepediuntur.

376 1322 445 1386 365.
462 1343 595 1397 uncus
610 1341 819 1395 surmont
835 1342 1038 1410 claruimus
1053 1316 1302 1394 ras1‚Osr1a
1317 1343 1409 1384 sus-

294 1443 464 1485 crrrunr
479 1441 614 1483 unnurr
629 1439 810 1481 anouusn
825 1417 1261 1482 unaonsn.Nullamvim
1278 1417 1409 1482 habent

295 1520 403 1591 haec,
420 1541 482 1604 qua
497 1518 647 1580 cemimus
660 1517 739 1601 ipsi.
755 1513 859 1581 debet
873 1537 948 1581 esse
962 1539 1058 1603 neque
1073 1517 1153 1580 enim
1167 1564 1176 1595 ‚
1195 1538 1292 1591 Qura
1307 1519 1407 1580 cenu-

293 1641 361 1680 mas
374 1617 449 1701 ipsi,
466 1614 551 1678 Ostia
562 1651 598 1660 -
611 1662 617 1676 .

377 1711 812 1788 372.CORP0121SATQU1‹2
828 1734 948 1776 anrur
970 1733 1201 1776 rnrnroanrn
1222 1733 1407 1776 srrruunn
1483 1759 1484 1796 ἲ

294 1833 436 1876 rarnrs
451 1811 673 1875 Anrosrra.
684 1808 884 1874 Rectissime
899 1809 1072 1876 Bentleins
1088 1808 1133 1873 ad
1147 1809 1284 1898 Horatii
1299 1819 1406 1874 artem
1483 1853 1484 1892 4

293 1910 464 1996 politicam
480 1907 520 1972 60
535 1909 656 1993 sirrqrrla
678 1929 818 1971 rarvrs
838 1909 989 1994 Adposito
1008 1955 1015 1970 .
1040 1906 1266 1972 decantantis
1283 1909 1407 1974 Demo-

293 2009 370 2074 criti
391 2027 592 2093 quamquam
614 2005 749 2070 aliunde
769 2026 838 2069 non
860 2013 996 2071 constat
1018 2006 1131 2090 (certe
1145 2005 1352 2071 Mullachius
1370 2008 1408 2072 in

290 2106 484 2173 Democrito
500 2129 532 2192 p.
541 2105 601 2170 397
616 2105 700 2168 nihil
714 2104 819 2168 habet
832 2105 897 2169 nisi
912 2105 1062 2170 Lucretii
1077 2107 1235 2189 versus),
1254 2113 1370 2169 tamen
1385 2128 1406 2169 e
1483 2099 1484 2128 ³

292 2206 453 2292 proximis
468 2211 612 2290 apparet
626 2223 701 2268 cum
716 2202 847 2288 singula
863 2203 962 2266 animi
976 2201 1162 2288 primordia
1173 2202 1315 2290 singulis
1328 2227 1406 2268 cor·
1483 2249 1484 2268 ff

291 2306 383 2392 poris
405 2302 597 2389 primordiis
616 2302 807 2367 alternatim
828 2302 987 2386 apposita
1007 2301 1168 2365 finxisse:
1191 2311 1297 2388 negat
1316 2304 1405 2368 enim

218 2391 224 2411 ’
291 2403 470 2470 Lucretius
486 2402 616 2465 animae
632 2399 817 2486 primordia
832 2409 901 2463 tam
915 2400 1030 2484 parvis
1050 2398 1235 2464 intervallis
1255 2400 1347 2464 inter
1367 2422 1405 2465 se

291 2501 421 2566 distare
432 2547 438 2562 .

374 2597 444 2660 374.
473 2594 565 2658 Nan
595 2615 673 2658 cun
702 2617 835 2658 nunro
867 2617 970 2658 auur
1000 2617 1160 2658 narnus
1188 2617 1403 2661 scansam

291 2714 449 2760 ursona
467 2737 474 2752 .
497 2690 693 2770 Quadratus
708 2693 809 2754 citime
824 2739 834 2770 ‚
854 2691 930 2755 Itali
946 2699 980 2756 et
994 2691 1157 2757 Marullus
1173 2694 1313 2758 animai.
1335 2695 1402 2760 hoo

261 2831 268 2840 ·
290 2795 375 2879 Aug.
384 2787 483 2855 Ferd.
493 2788 641 2864 Nikius,
657 2788 757 2852 homo
774 2777 807 2852 in
822 2790 937 2872 primis
952 2799 1089 2865 acutus,
1100 2792 1134 2854 in
1149 2790 1261 2856 libello
1277 2793 1401 2858 acade-
1483 2815 1484 2872 j

180 2951 182 2956 .
289 2891 376 2956 mico
395 2937 403 2964 ‚
425 2889 482 2973 qui
508 2887 544 2951 in
566 2887 805 2972 opusculorum
828 2887 899 2950 eius
921 2895 1013 2952 torno
1035 2890 1144 2974 primo
1167 2910 1308 2954 recusus
1331 2900 1401 2964 est.

293 3013 325 3076 p.
337 2987 395 3052 183
404 2987 595 3073 speciosum
606 3005 682 3050 essa
690 2983 774 3049 dicit
785 2985 831 3050 ad
842 2984 1142 3050 commendandam
1153 2986 1327 3052 elisionem
1335 2989 1400 3052 La·

289 3088 368 3153 tinis
380 3085 528 3172 alioquin
538 3084 711 3150 insuavem
723 3133 730 3146 .
742 3083 863 3150 videor
874 3084 955 3148 mihi
966 3083 1009 3148 de
1020 3083 1085 3148 hac
1096 3107 1133 3149 re
1144 3088 1251 3170 magis
1263 3085 1399 3152 definite

290 3185 486 3274 praecipere
499 3205 622 3268 posse:
645 3183 707 3248 sed
721 3183 844 3247 horum
858 3183 1100 3248 vocabulorum
1115 3185 1260 3247 omnium
1279 3233 1288 3258 ,
1312 3207 1399 3270 quae

286 3289 321 3350 in
332 3284 484 3349 vocalem
494 3282 615 3368 longae
624 3282 734 3346 vocali
742 3281 797 3346 vel
807 3281 1022 3370 diphthongo
1034 3282 1218 3348 subiectam
1230 3281 1398 3362 desinunt,

288 3389 450 3469 quattuor
464 3399 590 3465 genera
605 3385 762 3442 accurate
778 3378 1017 3465 distinguenda
1032 3387 1111 3443 sunt
1129 3427 1137 3453 ‚
1157 3380 1242 3442 utin
1258 3379 1398 3467 singulis

288 3478 331 3544 de
354 3478 492 3544 elisione
514 3484 720 3560 quaeratur.
735 3497 805 3540 non
820 3483 873 3540 est
888 3478 973 3540 enirn
995 3476 1112 3542 eadem
1135 3475 1198 3542 sed
1218 3491 1343 3564 magna
1364 3481 1398 3543 in

287 3576 442 3640 omnibus
454 3571 653 3646 difficultas,
666 3593 740 3636 cum
751 3574 816 3638 sibi
826 3575 963 3639 vocales
975 3581 1046 3638 tres
1059 3581 1280 3661 quattuorve,
1294 3586 1398 3663 atque

285 3671 454 3738 interdum
470 3672 619 3756 quinque
634 3717 642 3746 ,
659 3671 844 3736 succedant
860 3719 868 3746 ,
888 3671 955 3736 hoo
972 3680 1026 3737 est
1038 3694 1154 3736 morae
1169 3681 1332 3758 quattuor
1343 3675 1398 3740 vel

287 3772 435 3858 quinque
446 3770 501 3836 vel
513 3790 590 3846 sex,
601 3769 635 3833 in
651 3768 736 3832 duas
748 3768 898 3856 syllabas
910 3771 958 3836 ita
969 3769 1193 3846 coartandae,
1205 3777 1244 3834 ut
1254 3769 1291 3836 id
1304 3771 1399 3856 quod

167 3867 171 3878 '
285 3867 320 3930 in
333 3866 444 3935 medio
460 3877 513 3933 est
527 3867 674 3953 aliquam
690 3867 741 3930 sui
755 3866 918 3952 ponderis
932 3874 1063 3952 partem
1080 3869 1234 3932 amittat.
1252 3869 1397 3954 primum

204 4031 207 4040 ,
285 3975 470 4052 genuisset,
483 3987 557 4030 cum
568 3967 602 4029 in
613 3966 678 4029 fine
689 3965 847 4029 vocabuli
859 3974 911 4029 est
922 3965 1024 4051 longa
1034 3966 1162 4030 vocalis
1172 3973 1251 4030 ante
1260 3965 1396 4054 lo‘ngam

285 4063 435 4128 vocalem
449 4065 521 4129 sive
536 4062 804 4152 diphthongum,
820 4063 942 4148 quibus
951 4065 985 4126 in
999 4065 1156 4148 proxima
1172 4063 1321 4128 dictione
1335 4087 1396 4128 vo-

286 4161 366 4226 calis
382 4162 544 4227 subicitur
560 4208 566 4225 .
587 4163 621 4225 in
635 4162 702 4227 hoc
716 4183 839 4249 genere
855 4163 934 4226 mihi
950 4169 1077 4227 certum
1093 4162 1229 4226 videtur
1244 4162 1396 4248 syllabas

284 4260 525 4324 vocabulorum
547 4260 720 4347 contiguas
742 4281 924 4345 numquam
946 4260 1174 4325 commisceri.
1195 4281 1306 4346 neque
1328 4260 1397 4326 hoc

284 4357 327 4422 de
341 4358 463 4422 Plauto
479 4357 585 4422 minus
599 4357 692 4423 valet
705 4379 803 4445 qnam
820 4357 863 4422 de
878 4358 1019 4434 ceteris.
1036 4358 1128 4444 apud
1141 4358 1233 4424 hunc
1249 4359 1322 4422 sine
1337 4359 1396 4422 eli·

282 4455 376 4520 sione
390 4457 501 4522 inveni
517 4455 620 4531 haec,
637 4457 769 4542 liupuni
781 4457 829 4519 rei
837 4457 977 4541 publicai
988 4459 1109 4542 prasio,
1123 4463 1193 4520 tum
1208 4457 1380 4520 cooaoediai
1386 4505 1395 4536 ‚
