2990 5182
234 571 239 583 ,
279 503 349 571 394
807 496 856 564 VI
893 565 899 578 ,

275 683 328 741 est
340 697 433 762 praee
449 681 483 738 et
492 673 644 758 praedio.
668 678 810 755 propter
825 669 902 734 Chr.
914 669 1086 745 Iahnium,
1108 671 1168 755 qui
1181 670 1322 736 Heinsio
1344 671 1387 735 ad

276 775 389 840 Ovidii
404 781 509 836 artem
527 795 547 845 r,
559 769 611 834 llil
636 777 730 832 recte
750 769 971 854 praecipienti
991 789 1060 832 non
1082 766 1247 844 eredidit,
1270 771 1388 835 obser-

273 873 362 937 vabo
377 871 463 935 haec
479 870 589 933 omnia
604 889 625 932 a
639 867 751 932 verbis
767 869 894 952 primae
909 867 1143 931 declinationis
1159 865 1311 932 deducta
1330 890 1387 932 ua-

275 979 355 1034 tura
369 969 470 1054 longa
486 987 579 1041 esse,
602 967 721 1030 bibrum
737 973 771 1030 et
786 967 927 1030 labellum
936 987 1005 1051 pro
1021 987 1121 1040 vase,
1133 965 1244 1054 flabro
1255 1015 1263 1044 ,
1276 965 1386 1056 flabel-

273 1071 353 1146 lumj
368 1067 540 1144 velabrum,
551 1065 766 1152 oemllolmtm2
778 1067 983 1144 volatobmm,
996 1062 1229 1142 caudelabrum,
1242 1065 1385 1131 dolabro.

274 1165 453 1244 Dolabella,
470 1165 557 1227 erano
572 1163 716 1246 calabro,
732 1163 1016 1250 auclobre'srnenso.
1032 1161 1075 1226 de
1087 1162 1210 1226 ceteris
1220 1163 1384 1246 interpre-

273 1272 325 1327 tes
335 1285 377 1326 ne
388 1262 424 1326 id
436 1261 569 1347 quidem
581 1259 835 1336 intellexerunt,
847 1259 938 1346 quod
950 1267 1063 1324 tamen
1074 1269 1152 1324 ante
1161 1259 1274 1322 omnia
1283 1281 1385 1345 quae·

272 1361 412 1426 rendum
428 1358 507 1436 fuit,
524 1358 690 1446 apoduein
704 1359 855 1443 incipere
869 1360 932 1434 ibi,
947 1361 1021 1423 solio
1031 1361 1065 1422 in
1075 1359 1173 1422 medlo
1184 1359 1385 1444 mitescente

262 1461 319 1549 sit.
334 1460 368 1524 in
380 1459 508 1546 protasi
522 1464 556 1521 et
566 1457 702 1547 effluerir
714 1465 866 1522 monstro
879 1459 984 1523 simile
996 1465 1066 1530 est,
1081 1478 1191 1542 neque
1205 1459 1232 1520 si
1247 1468 1384 1520 menam

271 1577 333 1641 per
348 1579 385 1620 se
400 1556 483 1620 satis
499 1565 670 1640 apertum:
692 1576 762 1618 non
785 1557 871 1620 euim
887 1557 1038 1621 cunctari
1052 1566 1113 1620 aut
1126 1555 1251 1620 morari
1265 1556 1300 1618 in
1314 1555 1383 1617 bel·

270 1677 335 1718 neo
351 1654 574 1740 periculosum
591 1661 643 1718 est
653 1654 754 1738 pleno
766 1660 902 1729 ventre,
917 1655 978 1718 sed
993 1655 1099 1719 lavari
1109 1703 1115 1716 .
1127 1653 1286 1717 Lucretio
1303 1651 1383 1716 nihil

271 1753 429 1816 convenit
450 1752 514 1815 nisi
536 1752 813 1836 simplicissimum
835 1761 870 1815 et
890 1753 1118 1837 aptissimum:
1140 1751 1176 1814 id
1198 1759 1252 1816 est
1272 1761 1382 1814 autem

271 1851 413 1936 Denique
433 1852 460 1913 si
482 1851 589 1914 calidis
603 1852 692 1914 etiam
715 1873 935 1914 cuserius
958 1851 1092 1916 lavabris
1107 1849 1295 1914 Pleniorar
1312 1870 1381 1912 uA·

271 1969 364 2011 vuer
374 1969 410 2026 s..

351 2045 421 2109 793.
445 2045 686 2109 Concrnnns
710 2068 911 2110 arsuuos
939 2068 1006 2122 our
1036 2067 1174 2110 nonno
1203 2067 1378 2108 urrrsae

270 2165 436 2208 sunvrr.
459 2143 497 2206 Iu
520 2142 586 2208 hoc
600 2165 702 2207 versu
719 2145 1002 2230 comparationem
1017 2144 1126 2207 morbi
1141 2143 1316 2207 comitialis
1330 2144 1376 2206 iu-

270 2263 344 2306 esse
359 2239 571 2304 manifestum
588 2249 656 2304 est.
679 2263 765 2326 quae
781 2244 859 2326 quia
873 2263 983 2326 neque
997 2241 1031 2304 in
1047 2262 1088 2303 eo
1105 2242 1160 2324 qui
1175 2240 1308 2304 luminis
1324 2262 1377 2304 ex-

204 2361 208 2372 ’
269 2340 366 2404 tincti
387 2338 494 2403 odore
516 2341 711 2426 consopitus
727 2349 779 2402 est
794 2361 903 2425 neque
917 2341 951 2402 in
967 2339 1088 2402 ceteris
1105 2339 1162 2423 qui
1177 2339 1231 2402 hic
1247 2359 1377 2402 enume-

267 2445 387 2501 rantur
398 2439 507 2502 locum
518 2436 639 2512 habet,
652 2438 715 2502 nisi
726 2439 761 2501 in
773 2459 814 2502 eo
826 2441 882 2523 qui
894 2439 929 2500 in
939 2437 1025 2501 solio
1038 2435 1156 2500 caldae
1168 2435 1333 2508 concidit,
1345 2438 1375 2498 in

269 2559 337 2621 qun
351 2535 433 2599 sede
448 2535 503 2599 hie
517 2557 637 2601 versus
652 2535 869 2620 reponendus
884 2537 930 2600 sit
945 2535 1092 2600 dubitari
1107 2557 1175 2598 non
1191 2541 1322 2618 potest.
1344 2532 1376 2596 id

266 2635 488 2717 interpretum
503 2633 614 2695 nullus
630 2655 671 2695 ue
687 2636 879 2717 suspicatus
901 2633 1035 2719 quidem
1056 2641 1128 2708 est,
1150 2655 1259 2718 neque
1277 2631 1374 2697 iidem

268 2729 478 2794 emendando
492 2731 669 2813 quicquam
679 2743 937 2816 promoverunt,
949 2741 1085 2817 praeter
1095 2731 1162 2794 hoe
1173 2753 1274 2794 unum
1284 2729 1373 2815 quod

268 2829 449 2892 Lambinus
470 2827 671 2891 Memmiauo
701 2827 809 2892 oodiei
838 2831 1027 2893 recentiore
1052 2849 1152 2893 mauu
1173 2851 1296 2914 mamae
1317 2827 1374 2892 ad·

269 2927 430 3012 seriptum
444 2926 549 2992 vidit.
573 2926 698 3011 excipit
713 2927 849 3011 quidem
862 2928 1065 3002 Lambinus,
1086 2929 1138 3012 opi
1151 2949 1294 3012 spumas,
1309 2947 1372 2988 nou

268 3027 363 3090 residi:
378 3026 438 3090 sed
454 3045 607 3110 spumas,
623 3047 697 3089 cum
712 3024 917 3100 funduntur,
933 3047 993 3090 eur
1006 3027 1083 3090 miei
1097 3046 1166 3088 non
1181 3024 1305 3088 dixerit
1320 3024 1372 3109 qui

267 3131 301 3188 et
307 3123 434 3210 sirmam
447 3126 525 3187 calui
540 3131 574 3186 et
587 3124 763 3208 sanquinem
789 3135 824 3187 et
842 3125 1000 3210 soerpteiels
1014 3115 1139 3209 ¹sr'paum
1154 3133 1189 3188 et
1202 3124 1327 3186 irrrbreru
1341 3137 1374 3186 et

267 3224 365 3286 laticis
376 3234 475 3307 pretias
489 3223 566 3284 mitti
580 3220 690 3284 dixit?
710 3221 826 3306 itaque
841 3221 897 3285 hic
911 3243 1030 3286 versus
1045 3223 1093 3286 ita
1107 3222 1294 3286 rectissime
1308 3220 1372 3284 for·
1482 3217 1483 3220 '

267 3321 431 3390 mabitur,
451 3319 614 3384 Concidere
629 3329 657 3382 et
677 3339 841 3382 sruunu
863 3342 912 3383 ur
934 3321 987 3406 qai
1007 3321 1110 3384 morbo
1131 3322 1247 3384 mittere
1267 3322 1371 3383 need.

265 3425 357 3481 recte
369 3419 455 3481 enim
465 3441 606 3502 murnum
615 3417 775 3504 singulari
786 3439 942 3491 numero,
954 3427 992 3482 ut
1004 3418 1145 3483 Ovidius
1158 3429 1291 3483 metam.
1302 3443 1371 3483 viu.
1481 3457 1482 3470 κ

264 3515 324 3578 417
340 3514 580 3600 stridentemque
593 3539 669 3579 aevo
683 3539 822 3600 mamam
842 3539 911 3580 oum
931 3519 1079 3602 scapulae
1091 3517 1201 3603 secedit
1211 3565 1218 3582 .
1240 3519 1328 3582 idem
1341 3519 1371 3582 in

265 3611 383 3675 eodem
399 3611 460 3675 288
476 3611 609 3675 Fervida
624 3637 692 3675 eum
706 3637 802 3677 rorico
817 3615 892 3678 latos
912 3616 1042 3678 stridore
1057 3638 1118 3700 per
1138 3639 1242 3680 armos
1259 3617 1370 3702 sparso

255 3709 350 3800 flacit.
374 3709 556 3774 Columella
568 3711 603 3773 in
619 3712 715 3788 v11‚5‚
729 3713 765 3774 19
785 3724 813 3776 et
832 3735 973 3798 mamam
986 3715 1142 3798 meotidem
1155 3725 1274 3778 teneor
1288 3717 1371 3778 taetri

264 3811 366 3874 odoris
380 3811 532 3896 erperqit.
557 3815 591 3873 et
606 3810 752 3873 observa
766 3813 820 3896 qui
834 3813 928 3875 mevit
940 3812 1102 3895 scriptum
1116 3833 1191 3876 esse
1206 3860 1214 3886 ‚
1240 3835 1307 3876 non
1322 3815 1371 3900 qui

262 3919 397 3985 serment,
406 3929 448 3972 ne
457 3906 547 3971 forte
557 3907 656 3972 alium
666 3906 743 3971 huic
752 3909 865 3972 versui
874 3918 909 3973 et
918 3909 1081 3994 aptiorem
1092 3909 1202 3974 locum
1213 3932 1369 3995 quaeras.

345 4005 546 4084 StillQuAu
562 4028 709 4069 racina
726 4029 766 4069 ru
784 4029 1013 4082 cnrmsnuu,
1029 4031 1115 4072 ursi
1133 4031 1240 4084 noua
1257 4031 1367 4074 rass-

263 4123 436 4165 orrruus
451 4124 573 4166 nuru.
592 4105 768 4168 caelebem
785 4105 989 4189 quadratus,
1004 4105 1079 4170 Itali
1095 4129 1323 4174 cursurum.
1338 4117 1364 4168 et

262 4197 361 4262 iidem
377 4221 528 4276 Aquam.
545 4201 711 4287 oblongus
727 4204 833 4286 prima
848 4225 947 4268 mauu
956 4207 1163 4290 precipimus.

344 4297 414 4361 804.
438 4299 492 4360 Ar
522 4321 598 4361 cuu
627 4321 789 4364 unusne
821 4325 983 4366 nonnus
1007 4325 1210 4367 nnacnnr‘r
1233 4327 1366 4366 raavr·
1478 4329 1479 4340 ¹

265 4396 670 4468 ursanvrs‚Tuurrr
687 4420 795 4464 ouon
818 4419 909 4463 vrur
933 4423 1095 4465 ennena
1117 4423 1366 4466 uaeramus

263 4515 301 4556 ru
311 4519 327 4556 s
336 4516 428 4557 rau.
445 4492 641 4573 Quadratus
647 4495 883 4583 servidaseruis:
897 4498 968 4562 loh.
982 4497 1078 4583 Bapt.
1091 4499 1171 4564 Pius
1183 4495 1286 4564 ‘Haeo
1301 4498 1366 4562 duo
1477 4543 1478 4556 1
