3034 5204
650 415 701 485 Vl

85 587 383 678 quandoquidem
397 589 499 654 semel
512 589 640 656 institui
656 589 882 670 conscendere
896 613 1029 659 currum

83 715 284 772 ventosum
299 717 334 769 et
348 712 477 770 certant
489 705 682 792 plangentia
695 707 827 772 flamina
840 729 987 788 rursum3

86 844 185 908 quae
202 821 349 896 fuerint,
360 820 447 897 sine,
458 821 591 909 placato
607 842 772 888 conversa
784 821 913 887 furore.

37 957 57 990 s.
135 937 270 1001 Cetera
284 957 371 1022 quae
384 936 456 1000 fieri
468 936 504 1000 in
517 937 616 1001 terris
631 937 792 1022 caeloque
806 944 942 1003 tuentur

86 1052 281 1127 mortales,
291 1050 422 1140 pavidis
437 1072 511 1116 cum
525 1050 676 1138 pendent
689 1053 845 1117 mentibu'
862 1073 979 1140 saepe,

87 1169 181 1232 haec
197 1166 329 1230 faciunt
343 1167 470 1231 animos
484 1167 616 1232 humilis
629 1157 807 1232 formidine
822 1165 934 1232 divom

89 1282 356 1370 depressosque
369 1287 527 1366 premunt
540 1280 585 1346 ad
599 1289 722 1347 terram
735 1288 919 1370 propterea
932 1282 1026 1369 quod

86 1397 293 1484 ignorantia
307 1416 482 1460 causarum
496 1397 649 1462 conferre
665 1396 805 1462 deorum

38 1530 61 1571 3-'5
90 1514 194 1599 cogit
208 1511 256 1576 ad
269 1511 440 1596 imperium
454 1533 509 1574 res
525 1519 559 1576 et
573 1511 760 1578 concedere
773 1532 931 1598 regnum.

39 1645 61 1686 a
90 1650 177 1692 nam
193 1628 282 1690 benc
298 1626 354 1712 qui
369 1624 516 1690 didicere
530 1625 615 1692 deos
630 1649 782 1692 securum
796 1648 897 1714 agere
912 1647 1042 1706 aevom,

90 1746 119 1808 si
135 1752 258 1808 tamen
271 1741 399 1806 interea
412 1741 573 1807 mirantur
589 1761 656 1828 qua
669 1744 800 1808 ratione

93 1877 259 1944 quaeque
274 1856 344 1942 geri
359 1857 506 1942 possint,
518 1859 716 1944 praesertim
729 1859 831 1923 rebus
844 1859 879 1922 in
892 1858 956 1922 illis

90 1993 189 2058 quae
203 1991 326 2058 supera
340 1977 443 2057 caput
456 1969 612 2036 aetheriis
628 1981 809 2036 cernuntur
822 1973 857 2037 in
872 1973 954 2051 oris,

91 2109 220 2152 rursus
234 2086 269 2149 in
283 2086 438 2171 antiquas
452 2086 644 2152 referuntur
657 2087 841 2174 religionis,

94 2212 131 2266 et
147 2201 305 2266 dominos
320 2201 405 2264 acris
421 2200 630 2276 adsciscunt,
642 2178 751 2264 omnia
766 2221 869 2286 posse

94 2339 188 2404 qnos
202 2317 313 2380 miseri
328 2315 602 2400 eredunt,ignari
618 2313 700 2399 quid
715 2323 816 2399 queat
831 2335 920 2391 esse,
974 2357 979 2366 ·

39 2452 64 2494 u
97 2431 184 2520 quid
198 2438 361 2517 nequeat,
372 2431 465 2496 finita
478 2437 632 2517 potestas
647 2428 791 2516 denique
807 2430 927 2517 cuique

97 2567 169 2634 qua
182 2567 259 2611 nam
274 2547 317 2611 sit
331 2547 452 2612 rationi
466 2553 569 2632 atque
583 2545 650 2610 alte
664 2547 826 2611 terminus
840 2544 999 2624 haerens3

98 2683 170 2748 quo
185 2663 290 2749 magis
306 2668 456 2728 errantes
471 2680 572 2726 caeca
585 2663 716 2727 ratione
729 2662 898 2727 feruntur.

98 2797 187 2863 quae
202 2777 264 2841 nisi
277 2777 409 2862 respuis
425 2797 466 2840 cx
481 2777 590 2842 animo
604 2778 771 2863 longeque
785 2779 926 2843 remittis

99 2891 154 2954 dis
167 2889 306 2978 indigna
317 2901 438 2978 putare
454 2893 628 2978 alienaque
641 2893 735 2978 pacis
751 2914 879 2968 eorum,

41 3024 69 3068 :e
100 3005 247 3072 delibata
262 3007 361 3071 deum
376 3028 436 3094 per
451 3014 485 3071 te
500 3008 559 3072 tibi
573 3007 708 3070 numina
722 3015 840 3070 saneta

98 3143 201 3208 saepe
215 3123 375 3198 oberunt3
386 3143 454 3186 non
471 3141 538 3205 quo
554 3119 672 3184 violari
686 3140 814 3182 summa
829 3119 927 3183 deum
941 3119 991 3184 vis

97 3237 223 3322 possit,
234 3244 272 3302 ut
287 3237 392 3300 exire
406 3256 534 3322 poenas
547 3242 665 3322 petere
678 3234 806 3299 inbibat
820 3234 922 3310 aeris,

100 3350 160 3414 sed
177 3352 254 3436 quia
268 3358 339 3415 tute
354 3351 414 3415 tibi
427 3350 561 3436 placida
575 3371 650 3415 cum
664 3371 747 3438 paee
763 3350 894 3434 quietos

100 3467 282 3530 constitues
297 3487 435 3552 magnos
449 3466 571 3530 irarum
586 3467 723 3531 volvere
737 3463 874 3539 lluctus,

45 3597 72 3641 :a
99 3603 160 3646 nee
175 3579 315 3646 delubra
329 3580 428 3648 deum
442 3579 576 3666 placido
592 3603 665 3644 cum
679 3587 818 3666 pectore
833 3577 956 3651 adibis,

98 3695 216 3761 neoda
232 3718 374 3783 corpore
390 3715 476 3781 quae
490 3703 608 3759 sancto
624 3695 800 3758 simulacra
813 3693 966 3758 feruntur

97 3813 130 3876 in
144 3821 271 3878 mentes
285 3812 454 3878 hominurn
470 3809 602 3874 divinae
616 3809 732 3874 nuntia
745 3810 890 3884 formae,

101 4033 269 4040 ——-..-—
278 4033 300 4040 „a

99 4163 129 4210 47
147 4158 278 4228 insignem
296 4157 306 4228 ΙΙ
326 4165 358 4210 48
370 4157 521 4211 Ventorum
535 4154 799 4226 erirtantplacentur
811 4155 898 4206 omnia
916 4153 926 4223 ΙΙ
944 4159 976 4206 49
995 4154 1049 4206 sint
1066 4154 1076 4223 Η
1095 4153 1199 4206 favore.
1214 4155 1223 4222 ll

11 4246 14 4346 l
98 4248 127 4293 51
146 4243 281 4296 montibus
305 4240 315 4310 ΙΙ
334 4247 365 4294 52
378 4241 415 4296 Et
434 4243 444 4308 ll
463 4247 495 4293 56
505 4249 536 4294 57
546 4245 622 4293 :90
632 4246 663 4292 91
684 4241 694 4307 ΙΙ
714 4245 744 4290 63
758 4237 898 4291 adciscunt
910 4237 919 4306 ΙΙ
933 4241 964 4290 64
978 4239 1082 4291 miseris
1094 4237 1104 4307 ΙΙ
1119 4243 1151 4288 68
1164 4237 1222 4289 lon·

12 4353 13 4356 =
98 4326 175 4394 giquc
192 4325 302 4382 remitti.
321 4325 332 4394 ΙΙ
351 4331 381 4380 71
396 4324 511 4380 oderunt
523 4325 533 4395 ΙΙ
546 4323 653 4377 violaris
672 4325 682 4392 ll
701 4329 733 4376 72
747 4323 786 4376 ire
803 4319 814 4392 ΙΙ
834 4327 865 4374 73
884 4323 1001 4392 quietus.
1020 4323 1031 4393 ΙΙ
1050 4328 1082 4375 74
1101 4321 1193 4374 fletus.
1211 4318 1221 4385 ΙΙ

11 4440 12 4450 κ
98 4415 128 4461 tt
145 4406 265 4464 fuerunt.
