3034 5204
289 467 359 535 226
825 463 876 531 VI

286 641 392 726 guttai
407 640 464 703 vix
477 640 582 703 instar
598 643 697 702 erunt
710 636 807 700 unius
823 635 1023 722 adaugmem

214 771 263 818 615
286 777 353 840 quo
369 754 477 818 minus
492 761 545 817 est
558 752 674 816 mirum
688 771 780 819 mare
793 773 863 815 non
878 772 1058 837 augescere
1073 773 1245 838 magnum.

286 877 463 955 praeterea
476 887 629 952 magnam
645 866 695 930 sol
709 873 840 952 partem
855 864 1003 930 detrahit
1017 874 1127 930 aestu.

288 959 411 1068 quippe
426 981 575 1044 videmus
592 980 676 1044 enim
691 981 795 1044 vestis
810 1001 925 1044 umore
940 980 1104 1044 madentis

287 1097 456 1161 exsiccare
472 1095 539 1158 suis
554 1093 656 1158 radiis
671 1093 855 1158 ardentibu’
866 1095 986 1160 solem:

286 1218 322 1275 at
334 1210 452 1296 pelage
466 1208 571 1273 multa
586 1217 620 1274 et
633 1209 699 1272 late
715 1209 886 1274 substrata
900 1209 1067 1274 videmus.

214 1341 262 1389 ero
285 1323 428 1410 proinde
442 1324 521 1387 licet
535 1323 686 1407 quamvis
702 1344 744 1386 ex
758 1345 826 1388 uno
841 1345 976 1410 quoque
991 1326 1066 1388 loco
1081 1325 1132 1388 sol
1164 1330 1166 1334 ’

285 1438 409 1503 umoris
423 1457 561 1523 parvam
576 1435 701 1502 delibet
715 1437 758 1500 ab
773 1459 920 1524 aequore
934 1447 1080 1525 partem:

284 1553 420 1638 largiter
435 1553 578 1615 intanto
593 1552 701 1637 spatio
717 1560 827 1615 tamen
843 1551 973 1617 auferet
985 1551 1100 1616 undis.

284 1676 355 1730 tum
370 1687 471 1750 porro
486 1665 579 1728 venti
594 1685 729 1750 quoque
743 1686 896 1750 magnam
910 1667 1029 1730 tollere
1044 1673 1172 1751 partem

283 1779 409 1843 umoris
424 1785 567 1864 possunt
580 1786 753 1843 verrentes
768 1801 933 1864 aequora,
944 1781 1054 1844 ventis

212 1913 261 1960 eae
282 1916 349 1958 una
362 1901 462 1957 nocte
477 1893 548 1956 vias
563 1893 719 1977 quoniam
732 1915 896 1980 persaepe
911 1893 1061 1959 videmus

283 2008 401 2074 siccari
414 2005 588 2091 mollisque
603 2005 663 2070 luti
678 2028 895 2073 concrescere
910 2018 1057 2074 crustas.

282 2129 457 2209 praeterea
472 2119 573 2184 docui
585 2121 723 2186 multum
738 2143 873 2210 quoque
888 2125 1004 2189 tollere
1018 2125 1125 2188 nubes

282 2258 430 2302 umorem
446 2256 565 2322 magno
582 2245 781 2322 conceptum
796 2259 838 2305 ex
853 2259 1000 2324 aequore
1015 2240 1125 2324 ponti,-

283 2361 317 2416 et
330 2351 453 2438 passim
468 2358 542 2415 toto
556 2359 721 2415 terrarum
735 2373 893 2438 spargere
907 2353 941 2417 in
957 2353 1045 2429 orbi,

210 2483 259 2529 6³0
282 2440 361 2531 cum,
371 2464 455 2551 pluit
468 2465 503 2527 in
517 2465 616 2528 terris
633 2473 666 2530 et
680 2466 771 2530 venti
786 2467 900 2531 nubila
914 2477 1066 2554 portant.

281 2584 452 2667 postremo
469 2577 625 2661 quoniam
638 2599 716 2643 raro
732 2601 806 2642 cum
821 2602 964 2667 corpore
978 2583 1075 2648 tellus

281 2700 349 2768 est,
361 2699 396 2755 et
411 2691 636 2768 coniunctast,
648 2713 725 2757 oras
740 2693 839 2758 maris
853 2695 1002 2782 undique
1017 2699 1168 2782 cingens,

280 2805 397 2881 debet,
408 2814 446 2870 ut
460 2806 493 2869 in
507 2827 598 2869 mare
614 2804 656 2869 de
670 2807 770 2872 terris
785 2808 876 2872 venit
890 2830 985 2874 umor
1000 2811 1115 2896 aquai3

279 2923 313 2985 in
328 2931 435 2985 terras
449 2919 562 2985 itidem
576 2941 711 2985 manare
726 2943 767 2984 ex
782 2944 928 3008 aequore
943 2924 1049 2990 salso:

206 3053 255 3099 635
277 3035 469 3122 percolatur
485 3036 570 3098 enim
584 3037 675 3100 virus
685 3085 693 3112 ‚
704 3042 864 3122 retroque
877 3047 1027 3104 remanat
1128 3075 1131 3084 ·

277 3150 431 3216 materies
446 3150 570 3214 umoris
586 3159 620 3214 ct
635 3150 679 3215 ad
695 3161 796 3239 ceput
811 3153 961 3218 amnibus
977 3156 1082 3219 omnis

278 3264 430 3340 confluit,
442 3264 520 3328 inde
535 3287 636 3351 super
651 3274 760 3330 terras
773 3267 862 3332 redit
876 3268 1004 3354 agmine
1020 3269 1108 3334 dulci

278 3399 344 3463 qua
358 3379 412 3440 via
427 3387 519 3442 secte
533 3380 633 3442 semel
647 3378 774 3464 liquido
790 3379 876 3464 pede
892 3380 1012 3448 detulit
1026 3383 1133 3448 undas
1142 3387 1161 3468 .]

317 3491 415 3555 Nunc
429 3492 514 3556 ratio
530 3512 615 3576 quae
630 3495 689 3567 sit,
701 3515 761 3578 per
775 3493 888 3558 fauces
903 3497 1025 3560 montis
1040 3507 1077 3563 ut
1091 3499 1220 3562 Aetnae

202 3621 251 3669 oto
275 3605 428 3692 expirent
442 3606 536 3690 ignes
551 3605 637 3670 inter
653 3605 730 3670 dum
747 3609 878 3672 turbine
895 3617 1006 3685 tanto,

272 3717 446 3804 expediam
456 3743 463 3783 ε
475 3739 586 3804 neque
602 3721 687 3784 enim
701 3721 861 3787 mediocri
875 3723 971 3788 clade
986 3735 1104 3791 coorta

193 3901 197 3910 ,
272 3833 422 3896 flammea
438 3841 619 3920 tempestas
635 3835 781 3900 Siculum
796 3836 966 3904 dominata
979 3862 1041 3927 per
1055 3862 1156 3926 agros

267 3946 411 4010 finitimis
427 3947 472 4010 ad
487 3969 524 4012 se
539 3951 705 4016 convertit
718 3952 873 4038 gentibus
889 3975 964 4027 ora,

266 4261 315 4308 616
334 4255 383 4310 sol.
394 4275 514 4328 magnam
538 4261 549 4328 11
574 4267 621 4314 621
642 4263 675 4316 ad
697 4266 708 4332 11
732 4271 781 4317 621
800 4267 884 4318 venti.
910 4267 920 4334 11
944 4271 993 4317 626
1012 4276 1141 4321 crustrus.
1168 4269 1177 4337 1]
1201 4275 1251 4321 629
1270 4271 1357 4325 orbis.
1385 4275 1395 4340 ΙΙ

265 4346 314 4474 i?
342 4342 426 4412 magis
453 4343 463 4411 ΙΙ
491 4349 539 4393 6311
566 4344 627 4398 tulit
659 4348 669 4415 11
702 4353 751 4401 639
777 4347 867 4401 faueas
899 4347 909 4416 11
938 4353 985 4400 641
1015 4349 1101 4406 media
1127 4354 1215 4422 grecia
1244 4351 1277 4406 de
1304 4355 1315 4423 ΙΙ
1343 4359 1393 4408 612

275 4437 398 4476 *animae
