3034 5204
633 446 686 516 VI

95 617 276 683 diffindenn
292 627 415 684 terram
429 641 583 706 magnum
598 620 777 686 concinnat
792 621 928 690 hiatum.

50 750 77 793 zu
93 734 122 798 in
136 735 242 821 Syria
258 732 383 798 Sidone
398 732 492 820 quod
506 734 629 800 accidit
644 743 679 800 et
691 734 754 801 fuit
767 737 851 824 Aegi

95 849 124 911 ic
136 847 397 934 Peloponneso,
410 869 495 934 quas
510 851 619 914 exitus
633 849 688 914 hic
702 849 822 914 animai

96 961 267 1028 disturbat
279 963 380 1027 urbes
396 973 430 1028 et
443 974 555 1030 terrae
568 971 679 1029 motus
695 965 850 1030 obortus:

95 1077 266 1164 multaque
280 1085 454 1165 praeterea
469 1077 661 1144 ceciderunt
674 1079 805 1143 moenia
817 1082 944 1167 magnis

95 1191 243 1256 motibus
257 1192 291 1256 in
305 1192 420 1268 terris,
433 1202 467 1257 et
480 1192 603 1257 multae
617 1213 678 1278 per
691 1213 782 1256 mere
796 1214 931 1280 pessum

51 1317 80 1364 ut
96 1305 281 1370 subsedere
296 1306 364 1372 suis
378 1307 504 1394 pariter
520 1328 594 1370 eum
609 1306 737 1372 civibus
751 1308 862 1372 urbes.

98 1420 188 1504 quod
202 1422 269 1486 nisi
283 1422 488 1508 prorumpit,
500 1430 610 1486 tamen
624 1421 766 1508 impetus
781 1422 854 1510 ipse
869 1423 988 1488 animai

99 1542 129 1598 et
140 1534 217 1600 fera
232 1536 284 1600 vie
299 1537 389 1601 venti
403 1556 464 1622 per
480 1536 597 1600 crebre
610 1535 773 1602 foramina
787 1545 897 1602 terrae

100 1646 300 1736 dispertitur
314 1658 353 1714 ut
366 1650 488 1716 horror
503 1658 538 1715 et
551 1649 669 1715 incutit
682 1651 761 1715 inde
776 1660 969 1732 tremorem3

99 1761 201 1849 frigus
216 1764 266 1829 uti
282 1772 417 1830 nostros
431 1765 566 1851 penitus
581 1786 655 1830 eum
670 1767 810 1832 venitin
825 1774 933 1843 ortuo,

51 1887 82 1934 et
100 1879 248 1944 concutit
261 1878 383 1944 invitos
399 1899 524 1965 cogens
539 1887 681 1944 tremere
696 1889 799 1966 atque
812 1903 964 1946 movere.

100 1993 233 2080 ancipiti
248 1993 420 2079 trepidant
433 1994 533 2080 igitur
547 2003 677 2059 terrore
692 2017 753 2081 per
766 1996 874 2072 urbia,

101 2115 186 2172 tecta
200 2130 347 2195 superne
362 2108 494 2185 timent,
506 2117 658 2174 metuunt
671 2109 800 2174 inferne
815 2131 976 2176 cavernae

101 2223 199 2286 terrai
214 2245 258 2288 ne
273 2221 437 2288 dissoluat
449 2231 571 2287 natura
584 2231 739 2308 repente,

101 2355 162 2399 neu
177 2336 341 2403 distracta
355 2358 451 2401 suum
464 2337 531 2400 late
546 2335 728 2423 dispandat
741 2336 869 2401 hiatum

54 2458 86 2505 ’56
104 2447 211 2536 adque
226 2452 296 2516 suis
311 2453 452 2517 confuse
464 2451 546 2516 velit
560 2452 727 2537 complere
742 2451 861 2516 ruiniS.

103 2565 241 2646 proinde
256 2567 334 2632 lieet
348 2567 500 2652 quamvis
515 2567 641 2632 caelum
655 2575 845 2652 terramque
859 2573 997 2632 reantur

103 2675 295 2768 incorrupta
309 2681 382 2746 sore
397 2689 551 2746 aeternae
566 2681 724 2748 mandata
738 2683 851 2748 saluti:

105 2801 262 2861 ettamen
276 2796 363 2860 inter
379 2795 457 2860 dum
472 2817 632 2884 praesens
647 2797 697 2862 vis
712 2796 785 2883 ipsa
799 2797 914 2882 pericli

105 2907 214 2976 subdit
229 2910 332 2976 athuc
347 2911 513 2976 stimulum
529 2910 672 2996 quedam
689 2909 731 2974 de
746 2919 842 2997 parte
856 2910 1001 2985 timoris,

54 3025 87 3074 uc
105 3040 142 3084 ne
156 3011 301 3110 pedibus
315 3026 435 3111 raptim
451 3026 551 3088 tellus
566 3025 738 3088 subtracta
751 3023 878 3088 feratur

106 3133 134 3198 in
147 3137 359 3218 barathrum,
371 3159 548 3223 rerumque
563 3146 725 3223 sequatur
739 3135 875 3222 prodita
888 3155 1015 3200 summa

106 3247 268 3330 funditus,
280 3262 315 3319 et
328 3253 386 3319 fiat
400 3253 515 3317 mundi
531 3251 671 3318 confusa
685 3249 795 3316 ruina.

29 3326 32 3500 i
144 3367 325 3454 [Principio
339 3389 430 3434 mare
444 3369 607 3432 mirantur
620 3387 689 3431 non
703 3364 848 3430 reddere
862 3365 967 3430 maius

107 3487 270 3560 naturam,
282 3505 349 3569 quo
365 3483 409 3547 sit
422 3490 536 3547 tantus
553 3481 713 3546 decursus
729 3501 905 3566 aquarum,

57 3594 91 3646 fl¹⁰
109 3598 212 3662 omnia
227 3619 296 3684 quo
310 3597 448 3662 veniant
462 3619 504 3662 ex
519 3597 607 3661 omni
621 3595 755 3660 flumine
768 3602 880 3681 parte.

109 3705 190 3776 adde
204 3733 311 3798 vagos
325 3712 438 3776 imbris
453 3711 739 3798 tempestatesque
754 3709 925 3781 volantes,

111 3827 213 3892 omnia
229 3847 315 3912 quae
328 3826 432 3890 maria
447 3845 486 3889 ac
503 3823 855 3911 terras‘sparguntque
869 3822 1061 3907 rigantquer

30 4027 31 4043 χ
110 3935 191 4006 adde
207 3963 288 4006 suos
302 3941 405 4006 fontis
415 3965 422 4004 :
434 3947 544 4006 tamen
560 3937 604 4004 ad
617 3939 717 4004 maris
732 3937 841 4003 omnia
856 3955 1014 4002 summam

29 4078 31 4235 ι
114 4136 307 4152 K,—

30 4251 32 4356 Ῑ
111 4251 153 4302 584
171 4252 303 4307 Diffidens
325 4253 336 4322 ΙΙ
359 4259 410 4306 586
428 4271 479 4324 que
496 4255 507 4322 11
532 4259 581 4307 586
599 4252 731 4307 recideret
754 4253 764 4320 ΙΙ
788 4257 836 4304 589
855 4268 978 4322 possum.
1008 4251 1018 4318 ΙΙ
1051 4253 1100 4300 594
1119 4251 1149 4300 ut
1168 4246 1194 4298 iu
1221 4247 1232 4313 ΙΙ

111 4333 156 4386 600
172 4335 258 4407 quue
285 4338 296 4406 lt
323 4337 426 4408 comple
450 4339 460 4408 ΙΙ
489 4341 538 4392 tot
557 4336 698 4392 Subditaet
717 4337 784 4389 hum
812 4335 822 4404 ΙΙ
850 4335 919 4405 parti
944 4332 954 4402 Η
979 4337 1028 4386 665
1048 4331 1199 4382 substructa
1222 4331 1233 4397 ΙΙ

30 4448 31 4476 i
113 4416 157 4468 (509
175 4419 279 4475 Natura

993 4513 1030 4578 15
