2946 5188
624 429 672 498 lll

29 627 67 670 ne
86 629 144 672 nec
157 625 280 692 cupere
292 605 417 670 narum
429 603 552 668 fluctus
566 605 600 666 in
616 611 754 688 pectore
768 612 927 688 possunt:

30 739 68 784 uc
88 744 151 807 quo
166 741 290 807 genere
303 719 338 783 in
352 720 466 806 primis
481 719 532 782 vis
548 725 600 782 est
611 717 761 784 violente
770 718 920 794 leonum,

88 845 225 922 pectora
240 834 297 918 qui
311 833 445 898 fremitu
459 841 616 918 rumpunt
629 833 824 920 plerumque
838 841 1022 920 gementes,

30 967 69 1012 eos
88 958 119 1013 at
131 955 275 1012 ventosa
289 949 393 1034 magis
409 969 583 1012 cervorum
597 945 720 1032 frigida
733 968 826 1012 mens
841 959 893 1014 est

31 1082 69 1126 uo
89 1073 120 1126 et
132 1061 262 1149 gelidas
277 1063 373 1126 citius
387 1084 448 1148 per
463 1062 593 1126 viscera
607 1063 756 1126 concitat
771 1083 882 1138 aures,

88 1199 168 1262 quae
183 1177 359 1241 tremulum
373 1177 499 1240 faciunt
513 1177 667 1241 membris
684 1177 827 1242 existere
842 1185 979 1244 motum.

85 1301 116 1356 at
128 1300 249 1356 natura
263 1293 364 1356 boum
377 1290 511 1376 placido
526 1292 630 1376 magis
645 1298 721 1356 aere
736 1292 831 1366 vivit,

88 1427 145 1470 nec
158 1407 258 1470 nimis
272 1407 333 1470 irai
349 1405 405 1470 fax
419 1427 575 1490 umquam
590 1404 726 1471 subdita
739 1407 848 1493 percit

87 1519 225 1596 fumida,
237 1519 432 1586 suffundens
447 1541 566 1585 caecae
581 1521 729 1606 caliginis
743 1521 876 1595 umbra,

33 1651 68 1694 an
87 1656 144 1700 nec
157 1634 283 1738 gelidis,
294 1643 409 1721 torpet
422 1636 497 1700 telis
513 1635 640 1721 perfixa
655 1636 806 1722 pavoris,

86 1751 312 1834 interutraque
328 1771 426 1814 secus
440 1771 558 1814 cervos
574 1771 762 1836 saevosque
777 1749 907 1814 leones.

88 1865 130 1926 sic
143 1864 315 1927 hominum
329 1883 436 1950 genus
452 1874 520 1930 est.
532 1865 682 1950 quamvis
697 1862 852 1928 doctrine
865 1865 988 1958 politos

88 1978 266 2043 constituat
279 1978 404 2065 pariter
419 1979 599 2063 quosdam,
611 1985 721 2042 tamen
735 1977 792 2041 illa
804 1979 962 2064 relinquit

87 2099 220 2158 naturae
235 2093 394 2177 cuiusque
409 2094 506 2156 animi
520 2093 663 2178 vestigia
676 2093 796 2178 prima.

35 2222 70 2264 nc
88 2227 144 2270 neo
157 2205 319 2272 radicitus
334 2207 429 2271 evelli
444 2207 530 2270 mala
544 2228 647 2293 posse
661 2205 896 2293 putandumst,

89 2321 161 2404 quin
174 2321 357 2407 proclivius
370 2321 426 2384 hic
440 2321 507 2385 iras
523 2319 679 2385 decurrat
692 2319 737 2384 ad
751 2321 851 2394 acris,

89 2435 136 2498 ille
149 2443 242 2500 metu
258 2436 352 2500 citius
365 2435 467 2522 paulo
481 2441 679 2521 temptetur,
691 2443 727 2499 at
739 2435 794 2499 ille

89 2551 201 2615 tertius
217 2551 359 2638 accipiet
373 2549 538 2636 quaedam
554 2549 747 2614 clementius
763 2569 887 2635 aequo.

88 2664 180 2749 inque
196 2665 269 2729 aliis
284 2667 384 2731 rebus
399 2666 509 2731 multis
524 2662 657 2728 differre
671 2673 843 2728 necessest

38 2793 72 2836 us
89 2787 219 2844 naturas
234 2779 404 2844 hominum
419 2780 528 2844 varias
543 2800 725 2864 moresque·
735 2779 906 2865 sequacis3

92 2915 227 2978 quorum
242 2915 304 2981 ego
319 2917 408 2959 nunc
422 2917 552 2982 nequeo
569 2915 686 2959 caecas
702 2915 871 2979 exponere
887 2915 1020 2970 causas,

91 3029 145 3072 nec
158 3009 307 3098 reperire
321 3009 499 3096 figurarum
514 3017 566 3073 tot
579 3009 714 3072 nomina
728 3016 813 3092 quot
827 3017 905 3072 sunt

93 3123 274 3210 principiis,
285 3123 375 3186 unde
389 3122 473 3186 haec
488 3123 594 3186 oritur
607 3121 772 3186 variantia
784 3141 911 3184 rerum.

91 3235 164 3300 illud
177 3239 213 3301 in
228 3237 281 3300 his
295 3239 395 3304 rebus
411 3236 529 3302 videor
542 3237 672 3302 firmare
686 3243 837 3321 potesse,

41 3364 74 3404 m
91 3371 187 3437 usque
204 3351 291 3418 adeo
306 3361 498 3418 ratimarum
512 3351 653 3438 vestigia
666 3351 772 3437 linqui

92 3467 238 3550 parvola,
251 3489 336 3553 quae
350 3476 496 3552 nequeat
509 3467 595 3532 ratio
612 3465 780 3551 depellere
793 3466 905 3538 nobis,

92 3589 124 3642 ut
137 3581 181 3644 nil
195 3579 348 3666 inpediat
362 3580 494 3668 dignam
510 3580 562 3646 dis
577 3581 699 3667 degere
714 3580 828 3645 vitam.

127 3695 219 3762 Haec
233 3697 334 3782 igitur
348 3705 468 3760 natura
481 3703 616 3760 tenetur
631 3717 774 3783 corpore
789 3695 831 3759 ab
847 3697 952 3768 omui,

93 3807 223 3896 ipsaque
239 3811 391 3896 corporis
407 3821 459 3876 est
473 3818 587 3875 custos
603 3816 637 3873 et
652 3831 752 3875 causa
766 3810 897 3874 salutis:

43 3931 75 3978 ut
93 3944 159 3988 nam
174 3927 401 3991 communibus
415 3926 502 3990 inter
517 3945 554 3988 se
567 3923 734 3988 radicibus
749 3924 904 3991 haerent.

93 4059 146 4102 uec
160 4040 230 4104 sine
246 4041 390 4127 pernicie
406 4039 518 4105 divelli
532 4060 636 4127 posse
651 4037 820 4102 videntur.

97 4321 139 4369 ³03
157 4323 240 4375 minus
258 4323 269 4391 ΙΙ
288 4322 338 4374 301
357 4320 483 4375 Fumidae
501 4319 638 4374 effundens
658 4319 735 4386 11305
755 4322 876 4390 vaporis.
901 4322 912 4388 ΙΙ
931 4325 980 4374 306
999 4320 1071 4374 Inter
1089 4327 1214 4387 utrasque

98 4401 154 4455 sitas
172 4405 182 4472 ΙΙ
200 4411 249 4459 309
268 4403 372 4458 Natura
390 4404 400 4470 ll
418 4410 467 4457 319
486 4403 563 4456 video
582 4403 697 4456 sormcrc
714 4403 728 4478 ll
744 4407 790 4456 321
811 4405 917 4474 niquent
935 4407 945 4472 ll
962 4404 1061 4457 noctis.
