2972 5188
269 487 337 556 312
801 484 834 550 V

268 679 366 725 casus
380 659 565 724 rectissime
586 658 717 743 positus
732 665 806 723 est:
828 677 906 722 nam
924 661 1002 724 ecee
1015 668 1130 724 cer-ram
1142 659 1299 724 radicitea
1315 666 1381 746 epu

256 765 347 822 sunt
361 765 486 822 terrm
501 755 617 841 adepti
628 755 683 820 vel
697 756 804 830 nacti,
818 755 853 820 in
868 775 937 841 qua
950 754 1084 820 radices
1099 775 1178 820 snae
1193 769 1379 841 ponerent.

267 865 372 940 αρωηι
386 875 427 918 eo
448 853 551 919 modo
566 874 641 919 oum
663 854 867 919 accusativis
887 854 1036 918 iunctum
1050 853 1134 918 Attii
1154 853 1295 918 Pacuvii
1311 853 1378 920 Lu·
1482 845 1483 910 ῗ

267 951 332 1016 ciiii
347 952 499 1015 versibus
515 949 626 1016 allatis
640 949 771 1016 Nonius
785 959 900 1016 tuetur
915 972 947 1036 p.
957 948 1028 1025 234,
1036 949 1097 1030 22,
1117 951 1234 1035 itaque
1248 963 1378 1017 manau

267 1060 355 1134 apina
368 1047 509 1113 Plautus
518 1095 526 1124 ‚
535 1048 717 1114 Terentius
731 1050 869 1115 Deoneu
882 1052 975 1114 sium
988 1053 1054 1136 apii
1066 1071 1186 1114 cumea.
1201 1060 1305 1114 meros
1319 1063 1377 1115 ter-

266 1169 321 1210 rae
335 1147 524 1212 colossaeas
538 1145 622 1212 dicit
633 1146 837 1212 Censorinus
852 1169 884 1233 p.
896 1147 990 1222 ll,9‚
1004 1147 1099 1212 arrius
1110 1147 1218 1213 verba
1229 1149 1378 1212 subieci.

266 1243 336 1307 Nec
349 1244 435 1328 loaqe
449 1267 534 1308 sacru
548 1243 706 1330 Epictem
716 1271 727 1307 .·
746 1246 868 1310 emim
882 1245 1011 1309 eredidit
1022 1246 1096 1309 limo
1115 1245 1265 1332 calefacto
1278 1257 1379 1310 meras

265 1341 365 1405 ucecia
379 1335 463 1427 quos
473 1341 628 1406 radicibus
642 1353 742 1406 cesae
756 1341 946 1406 wlmarus
961 1343 1099 1427 primm
1111 1343 1276 1407 merbec
1289 1355 1320 1407 el
1331 1345 1378 1407 ia·

257 1437 398 1524 saraba
411 1461 450 1502 ea
468 1463 499 1503 se
513 1439 600 1504 editis
619 1441 784 1524 iayeeeibaa
805 1439 892 1504 lactis
905 1461 1041 1504 man
1060 1449 1174 1504 naara
1186 1441 1378 1506 caraem

259 1536 454 1622 praebuisse.
477 1536 556 1601 hinc
572 1535 754 1602 Creecbius
769 1544 805 1601 et
819 1536 894 1612 alii,
916 1536 1063 1623 probato
1077 1536 1173 1622 quod
1187 1535 1379 1602 Brixienais

266 1629 377 1696 editor
392 1641 426 1698 et
440 1633 604 1698 Aventius
620 1632 788 1700 dederant
802 1631 902 1699 breue
915 1682 924 1713 ,
944 1645 1045 1699 terrae
1057 1633 1214 1698 radiaua
1228 1645 1318 1720 aptae
1330 1636 1379 1700 ita
1483 1701 1484 1728 ¹

264 1729 503 1794 intellexerunt
517 1732 615 1815 quasi
635 1731 722 1796 uteri
736 1731 783 1794 illi
805 1731 975 1796 radicibus
990 1729 1060 1794 suis
1075 1753 1091 1795 s
1104 1741 1187 1796 tere
1208 1733 1282 1816 apti
1296 1731 1378 1796 iuis-

266 1831 365 1902 sont;
386 1827 480 1911 quod
501 1828 609 1915 ipsum
624 1827 792 1893 Antonius
806 1827 905 1892 Marii
927 1835 962 1892 ot
974 1827 1140 1892 Manilius
1159 1829 1313 1895 voluisse
1328 1831 1377 1894 vi·

266 1923 404 2000 dentur,
419 1945 493 1990 cum
505 1925 714 2010 scripserunt
724 1937 824 1990 imae
833 1927 867 1988 ia
877 1925 1034 1992 radicibus
1046 1927 1111 2010 apii
1119 1973 1127 1988 .
1142 1925 1204 1990 sed
1217 1948 1259 1991 eo
1271 1927 1378 1992 modo

264 2022 332 2087 hoc
346 2043 468 2086 nomen
480 2022 573 2108 quod
588 2029 741 2108 astaphis
752 2021 857 2086 dandi
868 2042 982 2086 casum
994 2021 1162 2088 adiectum
1177 2025 1251 2109 pati
1262 2045 1376 2090 exem·

263 2119 330 2204 plis
351 2120 542 2186 docendum
557 2129 650 2196 erat,
672 2139 740 2183 non
762 2119 950 2204 optandum
973 2119 1376 2206 singendunwake·

263 2218 384 2282 fieldus
402 2221 580 2285 Orescebaat
600 2220 695 2283 merci
708 2224 810 2292 arrd,
831 2217 987 2281 radicibus
1000 2219 1099 2302 apici,
1121 2217 1216 2304 quod
1229 2219 1288 2285 ille
1302 2241 1375 2286 cus·

264 2315 427 2382 tissimum
443 2315 542 2391 dicit,
559 2335 622 2402 ogo
636 2335 679 2380 ne
693 2314 852 2400 intellego
867 2312 1021 2399 quidem.

345 2415 416 2480 809.
444 2414 556 2495 Quos
577 2435 646 2480 aar
668 2433 855 2479 rraroas
883 2434 1047 2479 marano
1069 2435 1169 2479 rara
1192 2435 1374 2480 raanan

264 2537 419 2579 arares
439 2513 675 2578 laruarum.
697 2514 816 2597 Inepte
831 2511 997 2577 Marullus
1011 2511 1222 2596 ueins‚'qnod
1236 2521 1272 2578 et
1287 2515 1373 2579 olio·

264 2632 338 2674 sum
354 2619 407 2674 est
426 2605 595 2696 nequead
616 2611 770 2694 proxima
784 2609 885 2675 facit.
906 2609 1122 2675 scribendum
1142 2617 1197 2674 est
1216 2633 1373 2677 ananus

264 2708 435 2794 Insaniam,
443 2706 1373 2795 suyieeuamoremaucaeqaepeiecseeu.bunaaesicenpodta

264 2804 365 2888 paulo
381 2813 459 2869 ante
475 2807 606 2871 calorem
621 2805 756 2871 dixerat
769 2827 871 2870 versu
885 2806 963 2872 806.

344 2903 416 2968 812.
437 2903 495 2971 Ur
517 2927 648 2972 aucun
659 2953 676 2993 .
689 2905 857 2970 Antonius
871 2905 972 2972 Marii
987 2914 1022 2971 et
1035 2905 1201 2971 Marullus
1214 2905 1289 2971 Er.

344 3003 414 3068 823.
443 3025 576 3082 araur
605 3025 737 3068 aaran
763 3047 849 3058 --
877 3025 1000 3069 runrr
1028 3001 1167 3078 Oura,
1195 3025 1304 3080 ouon
1328 3028 1370 3070 ru

263 3123 394 3166 uecar
423 3123 663 3168 auccnaruu
691 3123 902 3166 nonninus
930 3123 1095 3176 rassru,
1125 3103 1370 3180 Anausaro

263 3222 385 3266 sruua
402 3198 820 3265 vonucuss.Correotor
828 3199 982 3286 oblongi,
993 3200 1287 3276 AntoniusMarii‚
1298 3200 1370 3266 Bri·

262 3299 389 3364 xiensis
404 3299 526 3372 editio,
541 3301 679 3362 animus:
693 3297 857 3362 Marullus
867 3308 962 3364 recte
976 3317 1151 3363 aurunt..
1166 3296 1292 3363 deinde
1302 3301 1370 3364 dn·

263 3397 377 3460 tonius
392 3403 426 3460 et
440 3395 625 3459 Brixiensis
639 3398 672 3459 ia
693 3419 743 3459 aa
755 3417 868 3463 ears.
891 3398 1133 3472 Ararasoua
1156 3396 1285 3481 prims
1299 3397 1370 3461 Ma-

264 3493 388 3558 rullus.

343 3592 414 3657 833.
444 3591 582 3658 Poano
616 3615 737 3686 iterur
768 3614 943 3658 carsorr
975 3615 1023 3656 ar
1053 3613 1370 3659 coarsurrrnus

262 3711 376 3754 εχιτ.
395 3689 585 3754 Caumatis
596 3689 784 3775 quadratus
799 3699 834 3754 et
848 3689 904 3754 hic
919 3689 1053 3754 otinfra
1068 3690 1165 3766 127&
1179 3691 1239 3757 ubi
1251 3691 1372 3777 legitur

261 3789 362 3855 Porro
375 3789 453 3853 alicu
464 3789 611 3867 succedit,
627 3794 661 3851 et
672 3787 796 3851 ibidem
814 3787 892 3852 1275
904 3811 1016 3852 aunem
1030 3790 1063 3852 ia
1072 3811 1224 3852 armenum
1232 3791 1374 3854 wacemil

261 3889 417 3952 Ιιοποτειη.
439 3885 496 3950 hio
510 3886 631 3971 aliquia
647 3883 861 3950 scribendum
877 3886 1069 3969 suspicetur
1081 3886 1260 3950 maadi:
1280 3895 1371 3950 certe

261 3987 423 4048 concrescit
435 3984 571 4049 Marulli
586 3982 768 4048 absurdum
785 3989 838 4046 est
857 4003 968 4068 ncque
987 3982 1127 4066 probari
1147 3982 1287 4047 debuit.
1309 3983 1371 4048 sed

264 4081 420 4166 quoniam
441 4081 496 4146 hio
518 4103 559 4146 ea
581 4103 667 4167 quae
690 4081 797 4146 altero
819 4082 895 4146 loco
918 4089 1080 4170 secuntur
1100 4081 1281 4146 subiuncta
1302 4103 1370 4144 non

230 4249 232 4256 ,
262 4185 361 4251 sunt,
384 4177 428 4242 ad
443 4180 643 4244 senteutiam
667 4179 899 4263 complendam
921 4181 1033 4264 aptius
1048 4185 1101 4244 est
1122 4199 1369 4244 cnaanscrr.

261 4279 309 4342 sio
321 4275 411 4340 infra
429 4275 506 4340 1456
530 4277 676 4364 Namque
690 4279 756 4342 alta
768 4299 806 4341 ee
827 4278 889 4341 alio
905 4279 1069 4342 clarescere
1083 4277 1290 4350 comedebat,
1313 4279 1370 4343 ubi

262 4374 448 4462 quadratus
464 4397 612 4438 crescere.
628 4399 647 4439 n
663 4375 828 4440 Marullus
844 4375 1038 4441 addendum
1053 4373 1155 4439 vidit.

342 4473 412 4537 aab.
443 4469 559 4551 ano
589 4495 762 4545 rorurr.
792 4495 1000 4550 unouear.
1030 4471 1251 4538 Coniunctivo
1274 4473 1370 4538 locus
