2990 5182
626 485 675 550 Vl
1136 491 1204 557 373

96 658 142 723 ad
154 657 269 723 Ovidii
283 665 411 722 metam.
425 681 473 731 nr,
484 658 545 722 273
560 666 595 724 et
608 658 735 724 Nakius
751 658 796 723 ad
808 660 907 724 Diras
923 683 953 744 p.
963 661 998 725 71
1018 681 1117 746 aegre
1131 685 1205 747 per·

96 755 259 832 suadent,
274 755 332 822 ubi
348 755 392 820 de
407 779 512 822 crusec
526 759 655 841 caliyiue
670 758 797 843 agitur.

177 854 1205 937 465.H10neuunrrruerrunnrnnoaeoonrnler

94 973 423 1028 connansnroue
447 974 554 1017 aare
583 975 739 1016 ennena
762 975 810 1016 er
839 976 961 1018 sinus
986 977 1075 1020 reso
1099 954 1204 1018 Vsu·

93 1071 190 1112 rrca
213 1072 262 1112 os
291 1070 442 1112 nonrrs
465 1072 675 1114 vruanrun
705 1073 893 1115 susanna
923 1076 964 1115 ru
993 1074 1202 1117 serenan.

94 1145 292 1226 Quadratus
306 1146 465 1210 turbamur
480 1159 601 1226 coorta,
624 1148 791 1212 Antonius
807 1148 905 1212 Marii
920 1151 1008 1213 turba
1022 1139 1140 1214 minore
1155 1174 1203 1215 co·

92 1245 183 1310 berto
190 1294 200 1325 ‚
217 1244 382 1308 Marullus
396 1247 484 1310 {rerba
496 1269 595 1330 nnio
604 1269 648 1310 ns
659 1295 665 1310 .
677 1269 782 1331 porro
792 1246 956 1311 Marullus
976 1247 1203 1312 Etceodeneala

90 1354 176 1408 arcte
190 1367 342 1428 apparere
362 1355 391 1406 et
403 1346 496 1408 simul
509 1383 547 1392 —
564 1346 701 1410 uideatur
720 1369 845 1430 sarryere
865 1349 896 1408 iu
912 1345 1074 1410 cellarum:
1091 1339 1136 1408 ‘id
1152 1353 1205 1408 est

90 1440 208 1505 nubes'
222 1439 450 1505 Wakefieldus
470 1441 596 1527 inquit.
615 1441 799 1508 Lambinus
814 1465 966 1528 apparere
982 1444 1118 1506 videatur
1135 1465 1203 1506 non

89 1537 193 1612 tulit,
214 1545 248 1601 et
262 1547 355 1602 recte
370 1539 529 1602 videntum
543 1539 721 1624 legendum
738 1539 823 1603 vidit
838 1540 967 1625 (agitur
983 1540 1069 1602 enim
1085 1539 1128 1603 de
1144 1562 1203 1604 nu·

90 1635 206 1719 bilis),
221 1644 335 1702 cetera
346 1642 471 1700 temere
484 1637 678 1721 temptavit.
690 1639 849 1701 videantur
861 1646 938 1701 ante
950 1659 1025 1701 eum
1037 1638 1202 1702 Antonius

89 1732 215 1806 Marii,
237 1734 294 1818 qui
308 1733 414 1798 habet
434 1734 477 1799 Ee
491 1737 641 1800 condenso
657 1746 746 1822 elque
761 1747 830 1798 orta
845 1758 1016 1821 apparere.
1039 1735 1120 1800 nihil
1136 1735 1201 1798 cla-

91 1833 164 1894 rius
180 1838 233 1894 est
248 1853 347 1915 quam
368 1831 454 1896 haee
468 1832 517 1895 ita
532 1833 680 1897 scribere
696 1839 875 1918 oportere,
897 1831 960 1896 Hic
974 1833 1093 1898 &maru
1104 1835 1146 1922 sit
1161 1835 1204 1896 ati

88 1967 131 1976 -
149 1928 353 1994 Elemederua
375 1951 535 2005 ouansr
558 1953 773 1994 irenaeus
796 1929 930 1994 eteimul
950 1932 1014 2014 ipso
1036 1932 1202 1995 Vertieede

87 2029 200 2091 eneruis
215 2050 339 2091 vrnan
348 2052 397 2092 nr
407 2051 426 2092 u
435 2051 456 2092 a
470 2052 596 2114 sumere
611 2032 643 2092 in
658 2029 810 2093 cellarum.
848 2075 857 2092 .

176 2124 245 2190 468.
268 2125 360 2189 Nnn
383 2149 430 2190 no
454 2127 915 2192 oscannumltalinocn.

177 2223 246 2286 469.
268 2223 346 2288 Rus
370 2246 460 2287 rnen
483 2247 531 2286 ur
553 2247 727 2288 seusun.
743 2224 931 2310 Naugerius
947 2236 1150 2288 etsensus.
1168 2231 1203 2286 at

89 2319 341 2400 Wakefieldus,
354 2322 433 2406 quia
443 2346 531 2386 serua
543 2323 701 2386 dicuntur
714 2343 801 2408 quae
813 2322 994 2396 sensimus,
1006 2345 1090 2386 senso
1102 2322 1201 2386 etiam

87 2421 209 2484 sentiri
222 2421 374 2508 putavit;
391 2420 484 2505 quod
501 2428 553 2484 est
568 2420 769 2485 absurdum.

172 2518 243 2582 473.
267 2517 388 2598 Quoo
409 2539 555 2582 naurs.
579 2517 861 2598 MarullusQu0.

175 2617 244 2680 474.
275 2639 575 2681 consuescens
604 2639 786 2682 nonina.
818 2617 893 2681 Itali
921 2639 1099 2700 emissaeque
1127 2635 1199 2676 no·

88 2739 113 2778 nr
123 2738 134 2779 1
144 2737 209 2780 ne.

173 2815 243 2880 475.
260 2814 351 2878 Neu
365 2836 490 2879 narro
513 2835 889 2878 consnuourusnsr
906 2832 1201 2876 unonrsusou·

89 2937 110 2976 n
122 2937 132 2976 1
143 2935 177 2978 s.
191 2913 286 2976 Haec
303 2933 374 2974 cum
387 2912 422 2975 in
435 2911 608 2994 impressis
620 2911 868 2993 exemplaribus
883 2909 988 2972 multo
1004 2909 1109 2993 magis
1126 2929 1199 2971 cor-

88 3019 193 3095 rupta
208 3015 342 3082 essent,
363 3007 501 3070 lseacus
518 3005 659 3070 Vossius
682 3008 809 3088 primus
831 3005 996 3068 intellexit
1021 3027 1199 3068 consau-

90 3131 110 3170 u
120 3129 186 3170 urn
196 3127 299 3168 aner
315 3101 531 3167 scribendum
544 3123 634 3166 esse.
651 3103 712 3166 sed
728 3103 824 3166 omnis
836 3102 1035 3165 sententiam
1052 3123 1200 3164 corrunr·

89 3205 157 3288 pit.
174 3202 279 3266 debet
293 3221 367 3264 esse
382 3200 536 3264 enormes
551 3221 687 3273 onnes,
703 3199 841 3262 nubium
857 3198 985 3262 scilicet
1000 3220 1040 3262 ac
1055 3198 1172 3261 maris.

174 3298 245 3364 476.
267 3320 429 3362 rcuvrs.
451 3297 507 3362 Sic
522 3297 597 3360 libri
612 3319 675 3380 pro
692 3305 736 3360 rr‘,
747 3320 877 3362 uvrrs.
902 3298 984 3362 mire
998 3297 1200 3362 scholiastes

90 3397 136 3463 ad
152 3395 254 3462 Statii
265 3394 473 3460 Thebaidem
489 3395 577 3466 libro
596 3419 616 3469 1,
624 3393 684 3458 207
695 3396 860 3458 seeundum
875 3394 1054 3459 maeotium
1062 3443 1072 3473 ‚
1086 3395 1139 3480 qni
1153 3395 1199 3458 di-

87 3500 130 3562 cit
144 3519 182 3560 ec
195 3493 304 3558 udone
326 3505 426 3558 terrae
439 3495 565 3558 nebulus
586 3495 681 3572 oriri,
704 3516 742 3557 ea
755 3493 871 3556 iseldis
891 3493 1001 3570 reaches,
1023 3515 1060 3554 ae
1075 3491 1201 3555 tsedibus

82 3596 227 3681 pluvios.
250 3592 388 3656 Servius
411 3590 456 3655 ad
469 3589 647 3664 Aeneidos
658 3614 677 3664 r,
688 3590 748 3653 743
773 3613 860 3654 unos
877 3613 998 3654 insen.
1022 3591 1144 3654 Scilicet
1163 3593 1200 3656 de

87 3693 216 3758 realibus
226 3691 286 3779 fil.
306 3692 471 3774 secundem
487 3690 665 3754 Lucretium
681 3691 717 3752 de
732 3700 833 3753 werae
847 3689 929 3754 alitu
943 3701 1125 3768 amaremur,
1147 3691 1201 3775 qni

87 3792 213 3856 nebulas
228 3799 311 3852 creat
321 3813 331 3850 :
352 3811 430 3873 qnae
445 3811 513 3852 cum
528 3789 619 3852 altiles
634 3789 767 3874 elevatae
778 3787 919 3873 secernet,
941 3799 994 3851 caut
1012 3788 1083 3850 solis
1098 3789 1199 3850 calore.
1218 3793 1222 3800 '

88 3890 238 3954 resolutae
254 3893 298 3964 (v.
309 3885 382 3970 514)
398 3933 406 3960 ,
429 3888 691 3950 cervicatorum
711 3909 898 3970 compressae
913 3890 954 3969 (v.
965 3886 1038 3967 510)
1055 3933 1061 3956 ‚
1085 3886 1201 3948 eniteant

87 3991 166 4052 leues
174 3986 297 4072 pluvios
305 4033 314 4064 ,
328 3986 376 4048 vel
388 3985 561 4070 eaprirmmt
575 3983 617 4062 (v.
627 3983 701 4066 518)
717 3983 928 4047 contentiores

169 4079 243 4148 481.
259 4082 393 4147 Unorr
409 4119 447 4130 -
465 4105 508 4146 su
519 4106 578 4145 nn.
596 4081 776 4146 corrector
792 4082 929 4166 oblongi
945 4081 1101 4146 Uncus.
1119 4103 1199 4166 qua-

90 4183 212 4247 dratus
226 4181 297 4257 sub,
312 4179 387 4244 Itali
403 4204 446 4245 su
457 4204 545 4244 uus.

173 4279 245 4344 483.
257 4277 327 4342 Fir
344 4301 505 4355 Quooun
523 4302 569 4342 ur
588 4301 690 4342 nunc
706 4301 888 4340 ursinus
906 4301 943 4340 rs
962 4299 1119 4340 cnuntn
1133 4298 1198 4337 ex-

90 4401 157 4444 rar
167 4365 316 4444 nsisous
329 4398 392 4441 run
402 4401 412 4440 1
424 4375 531 4442 Coun
541 4401 560 4442 o
570 4401 634 4442 nn.
647 4375 842 4456 Quadratus
851 4377 1040 4442 ean'ineeeua
1050 4375 1098 4446 ille
1108 4423 1113 4434 .
1124 4395 1145 4436 n
1155 4394 1199 4435 uc
1267 4387 1269 4394 ’
