2972 5188
656 533 704 600 IV
955 537 962 551 '
1162 537 1232 606 247

205 705 399 771 atamen
416 729 655 772 nnennurua
670 729 772 771 uoci
789 725 1148 783 vucrsus‚x·su11·u
1165 733 1232 776 an·

122 823 198 866 ruo
215 801 353 867 Ouurx
375 825 478 880 Quin
502 825 649 868 euucuu
670 827 873 870 russuur.
896 807 1234 893 lleemmtquiaearet

121 921 240 976 sensu,
251 901 414 966 Marullus
429 901 567 988 scripsit
571 903 697 989 fecerim
702 951 710 982 ,
723 901 818 987 quod
833 911 885 970 est
900 903 970 969 fere
985 917 1074 970 erunt
1082 908 1136 970 vel
1149 921 1231 987 neat,

121 997 176 1062 vel
189 1000 304 1084 potius
319 1023 380 1064 esse
390 1013 533 1085 possunt.
546 1000 608 1065 sed
619 1001 686 1065 hoe
697 1023 777 1089 qeme
781 1001 904 1088 fuerim
916 1003 998 1068 mihi
1010 1005 1102 1069 iners
1117 1015 1152 1070 et
1161 1028 1231 1070 mo-

120 1094 243 1161 lestum
256 1097 414 1163 videtur.
436 1099 554 1164 melius
574 1099 630 1164 'est
650 1107 689 1164 ut
711 1101 754 1165 de
775 1101 894 1165 uocibus
907 1101 993 1166 haec
1009 1103 1231 1190 accipiantur,

121 1195 224 1260 abditu
236 1207 319 1261 retro
337 1197 449 1262 Omnia
463 1223 542 1286 puae
556 1202 672 1264 circum
686 1221 879 1264 rumunr.

204 1293 274 1359 609.
297 1317 363 1361 vis
384 1319 609 1361 nunscrrs.
632 1297 792 1382 Impressi
813 1319 921 1361 viru.
944 1296 1006 1362 sed
1019 1298 1163 1382 imperiti
1179 1309 1232 1364 est

120 1391 269 1457 seribere
289 1393 432 1469 directis,
447 1393 659 1458 Wakefieldo
682 1395 756 1459 solo
779 1393 917 1479 dignum
938 1397 975 1459 de
996 1398 1106 1460 rectis.
1129 1397 1231 1482 deripe

120 1489 230 1574 deripit
254 1493 399 1556 dereuem
425 1494 586 1557 derexerat
605 1494 801 1580 derectaeque
822 1490 996 1557 Mediceus
1010 1492 1152 1580 Vergilii
1174 1515 1230 1558 eo·

120 1588 188 1652 dex
209 1591 343 1656 sexiens
358 1637 366 1666 ,
387 1612 451 1656 nee
470 1592 607 1676 saepius
621 1591 710 1657 idem
725 1593 823 1677 dir-ipe
837 1593 959 1677 diripite
974 1593 1106 1677 diripere
1120 1593 1232 1658 direeit

118 1687 244 1753 diremti.

202 1787 273 1852 610.
288 1809 474 1852 unaxnnn
497 1783 605 1854 runnu
621 1790 754 1853 Serere
778 1811 905 1854 runnu
928 1810 1048 1853 noers
1071 1811 1157 1864 usu,
1180 1811 1229 1852 ur

117 1905 247 1950 voces
270 1908 468 1950 aserenan
491 1909 643 1950 nxrrx.
661 1887 826 1952 Marullus
841 1886 933 1950 nullo
948 1887 1104 1952 seusuSe
1116 1911 1228 1972 supra,
1286 1961 1288 1968 ¹

118 2003 228 2067 neque
243 1983 367 2048 sufficit
379 1985 494 2070 Saepta
507 2007 604 2070 supra
614 1984 817 2050 Wakefieldi
828 2033 835 2048 .
846 1989 949 2069 polita
963 1985 1042 2050 alibi
1052 2008 1112 2069 per
1124 1996 1230 2069 saepta

119 2079 221 2156 dixit,
233 2081 336 2146 semel
350 2084 428 2146 iuter
440 2094 545 2168 saepta
555 2109 565 2146 .·
575 2082 631 2148 hic
646 2084 782 2149 videtur
796 2084 972 2168 scripsisse
985 2084 1065 2146 Sus
1074 2107 1117 2146 un
1126 2107 1148 2146 u
1166 2107 1205 2147 ru
1214 2117 1227 2130 -

117 2202 137 2242 r
146 2201 214 2255 nx,
228 2181 307 2264 quia
322 2181 525 2265 sequebatur
540 2193 627 2245 estre
642 2191 677 2246 et
690 2182 776 2246 male
791 2181 937 2244 sonabat
952 2179 1068 2265 Saepta
1080 2182 1180 2244 iutra.

199 2277 270 2340 612.
286 2300 367 2340 nuru
387 2300 569 2342 rexusrr
592 2301 771 2344 cuxusn.
788 2278 933 2341 Versum
947 2278 983 2342 in
997 2277 1061 2341 line
1076 2279 1226 2342 mutilum

115 2374 276 2459 supplere
290 2375 388 2439 facile
403 2395 583 2459 possumus
598 2398 640 2437 ex
653 2375 741 2440 libro
756 2398 779 2448 1,
790 2375 871 2448 354,
886 2376 944 2440 ubi
959 2383 1012 2439 est
1026 2376 1111 2452 letter
1122 2387 1228 2461 saepta

114 2485 218 2537 ineunt
229 2497 313 2537 voees
333 2485 362 2536 el
381 2475 486 2538 elutus
508 2495 703 2536 nouorum
724 2473 968 2538 Tremellium,
990 2474 1136 2558 pessime
1149 2473 1226 2538 Itali

116 2577 222 2638 clerus
236 2571 417 2656 (Marullus
433 2571 583 2654 chatra)
598 2573 736 2636 uiarum.

200 2671 270 2736 615.
291 2670 380 2735 Hoc
411 2691 477 2745 uui
508 2675 710 2734 suu'rruus
738 2691 895 2744 sucum,
917 2676 1070 2733 niseus
1091 2691 1224 2746 Areus

116 2769 570 2836 nxnxuuuPnuscu1,uu
593 2791 753 2832 nunnus
777 2791 819 2832 ru
842 2791 885 2834 ss
908 2789 1105 2833 neruosus
1128 2791 1224 2832 rtur

116 2891 260 2934 ornan.
275 2866 351 2930 lloc
366 2865 578 2930 salsissimum
596 2873 649 2930 est
663 2875 698 2929 et
713 2874 830 2950 aperte
845 2873 1014 2952 repugnat
1023 2867 1136 2930 versui
1148 2864 1209 2929 522
1214 2914 1223 2945 ,

115 2966 265 3054 quamvis
286 2965 412 3048 probet
424 2961 656 3028 Wakefieldns
678 2985 753 3027 eum
775 2963 900 3028 familia
921 2985 1004 3026 sua.
1033 2963 1223 3026 laudandus

114 3085 195 3149 ergo
211 3061 390 3136 Marullus,
403 3061 459 3143 qui
475 3061 614 3144 scripsit
628 3059 714 3123 Nnc
729 3064 798 3146 quie
811 3063 969 3124 sentimus.
980 3080 1055 3122 nam
1071 3083 1126 3123 nee
1135 3063 1223 3144 plus·

113 3164 216 3227 culum
230 3165 284 3222 est
297 3177 360 3221 nee
374 3157 506 3220 minimo
521 3156 614 3240 plus.
629 3155 739 3220 Varro
755 3157 799 3222 de
813 3179 851 3221 re
866 3156 993 3221 rustica
1009 3157 1080 3234 ιι,7,
1093 3159 1130 3219 16
1148 3157 1224 3220 Ceam

113 3267 313 3342 conceperunt
332 3277 449 3342 equae,
473 3255 633 3318 uidendum
653 3279 691 3318 ue
712 3255 848 3320 laborent
856 3255 1052 3341 plusculam.
1074 3249 1158 3316 nihil
1171 3261 1223 3317 ta·

112 3377 189 3422 men
205 3367 327 3418 causae
342 3360 395 3416 est
409 3374 469 3417 cur
483 3353 551 3440 quis
566 3353 679 3438 potius
701 3354 870 3418 scribatur
892 3372 992 3438 quam
1013 3353 1067 3438 qni
1081 3377 1091 3414 :
1113 3373 1222 3437 neque

110 3459 145 3521 in
160 3455 226 3518 line
240 3451 406 3516 Marullus
421 3449 539 3516 debuit
554 3452 704 3516 seribere
713 3453 787 3537 plus
802 3453 909 3538 operui
922 3499 930 3530 ,
953 3449 1015 3514 sed
1029 3453 1103 3536 plus
1125 3472 1220 3514 orn-

112 3573 245 3617 nxsvn
258 3599 265 3614 .
279 3549 447 3613 Antonius
462 3548 561 3612 Marii
570 3550 643 3634 plus
657 3573 769 3634 operae
784 3551 860 3636 quid
868 3599 876 3630 ,
893 3549 971 3613 olim
985 3550 1138 3634 impressi
1148 3550 1221 3634 plus

111 3647 278 3738 opereque,
294 3647 476 3712 Lambinus
486 3649 615 3734 plmque
629 3651 752 3733 operui.
1220 3721 1225 3726 .

128 3821 132 3830 Ι
194 3747 264 3811 619.
292 3745 435 3820 SIQUIS
462 3767 588 3809 noane
616 3767 727 3810 nunu
758 3769 943 3810 rasuras
972 3769 1018 3808 nu
1049 3767 1219 3809 slccAaE

112 3867 260 3910 conexu
275 3894 283 3909 .
305 3843 500 3924 (Quadratus
510 3867 672 3928 praemere
686 3869 724 3909 ae
745 3848 844 3908 eicere
860 3893 866 3905 .
890 3843 1058 3906 Antonius
1072 3841 1171 3906 Marii
1186 3849 1221 3905 et

110 3943 276 4008 Marullus
290 3967 328 4006 ue
341 3943 457 4004 eiecere
472 3943 603 4025 recepit:
617 3943 782 4005 Aventius
800 3941 906 4004 multo
920 3939 1038 4004 melius
1053 3941 1219 4004 exsiccare·

111 4043 297 4127 precaepit,
314 4047 348 4104 et
363 4039 475 4124 potuit
491 4039 630 4124 propius
654 4036 698 4101 ad
718 4038 849 4102 litteras
872 4039 1105 4124 triticeamque,
1120 4059 1220 4102 voca·

113 4137 193 4202 bulo
216 4159 236 4200 a
259 4137 443 4202 Columella
463 4136 678 4221 frequentato
695 4185 701 4198 .
717 4134 928 4200 Wakefieldo
950 4144 1062 4199 tamen
1080 4129 1219 4199 ‘tutius'

111 4234 247 4300 videtur
260 4237 355 4320 coepit
368 4235 516 4299 seribere
532 4255 632 4319 quam
647 4232 775 4318 aliquid
789 4243 955 4318 temptare
967 4257 974 4308 ς
987 4227 1156 4318 ‘quamvis'
1170 4234 1218 4296 in·

112 4333 186 4418 quit
197 4327 280 4396 'non
295 4331 408 4396 adhue
422 4333 456 4395 in
472 4333 660 4418 exemplum
676 4330 846 4416 quidpiam
863 4379 870 4398 ,
892 4353 961 4394 rem
986 4333 1148 4416 propius,
1169 4329 1218 4391 uti

111 4427 210 4494 valde
232 4429 414 4504 vellemne,
438 4431 629 4516 attingens,
651 4429 865 4495 inuiderimus
881 4429 904 4492 .’
932 4429 1012 4492 mihi
1034 4426 1220 4510 exemplum

113 4529 215 4593 huius
237 4527 378 4612 perlecti
402 4535 538 4613 praesto
562 4536 635 4602 est,
658 4527 743 4600 sed,
765 4536 802 4591 ut
824 4527 903 4591 mihi
924 4527 1081 4598 videtur,
1104 4522 1219 4586 fallax.
