3034 5204
694 379 744 447 Vl

137 551 323 618 constituit
337 558 457 616 natura
471 552 605 616 minutis
620 553 862 639 mobilibusque

138 667 367 753 corporibus,
379 667 432 730 cui
446 667 491 730 nil
507 667 640 730 omnino
656 668 820 732 obsistere
836 671 959 754 possit.

71 803 113 844 rm
138 783 270 846 transit
285 781 370 845 enim
387 781 530 846 validum
546 782 670 846 fulmen
686 803 745 868 per
760 803 858 860 saxa,
871 806 933 869 per
947 806 1040 860 aera,

71 917 113 959 aro
131 903 174 962 'et
190 895 359 982 liquidum
374 904 500 982 puncto
515 895 596 960 facit
610 917 667 959 aes
682 897 716 961 in
731 905 881 984 tempore
897 908 930 962 et
944 921 1075 975 aurum,

137 1019 243 1076 curat
259 1011 327 1075 utei
341 1011 429 1075 vasis
443 1011 582 1098 integris
596 1011 674 1075 vina
688 1019 829 1098 repente

138 1125 340 1212 diffugiant,
351 1125 445 1211 quia,
456 1126 491 1188 ni
505 1115 638 1202 mirum',
648 1125 745 1190 facile
759 1127 869 1191 omnia
882 1127 1005 1192 circum

136 1240 307 1306 conlaxat
320 1260 462 1325 rareque
476 1239 557 1305 facit
571 1241 766 1306 lateramina
781 1241 871 1306 vasis

137 1355 332 1420 adveniens
347 1355 439 1419 calor
455 1355 524 1418 eius
535 1404 543 1432 ,
555 1364 590 1421 et
603 1356 788 1421 insinuatus
802 1357 836 1420 in
850 1357 959 1443 ipsum

70 1490 112 1533 ms
134 1469 311 1535 mobiliter
325 1470 460 1534 soluens
475 1467 587 1534 differt
601 1470 782 1557 primordia
796 1472 879 1536 vini.

136 1583 240 1670 quod
255 1583 334 1648 solis
349 1605 455 1670 vapor
470 1591 614 1648 aetatem
628 1607 697 1650 non
712 1606 813 1672 posse
826 1585 960 1651 videtur

137 1699 280 1764 efficere
294 1719 401 1784 usque
416 1697 502 1764 adeo
518 1699 648 1785 pollens
662 1699 796 1764 fervore
812 1721 968 1765 corusco.

135 1821 242 1879 tanto
256 1812 407 1878 mobilior
422 1813 472 1878 vis
488 1821 521 1878 et
536 1812 759 1878 dominantior
774 1814 858 1879 haec
874 1822 939 1879 est.

186 1927 285 1992 Nunc
300 1951 340 1993 ea
353 1951 421 2014 quo
437 1936 536 2014 praeto
552 1929 730 2015 gignantur
745 1938 779 1994 et
793 1930 916 2016 impete
930 1937 1025 1993 tanto

68 2064 117 2108 ιιι)
139 2045 226 2108 fiant
241 2051 276 2107 ut
290 2044 422 2130 possint
435 2044 504 2107 ictu
519 2041 709 2108 discludere
723 2043 841 2116 turris,

141 2159 334 2222 disturbare
349 2157 485 2234 domos,
497 2158 641 2222 avellere
655 2159 747 2243 tigna
762 2158 959 2242 trabesque,

141 2282 179 2338 ct
193 2273 336 2337 lamenta
349 2274 454 2338 virum
471 2271 651 2336 commoliri
666 2279 768 2356 atque
783 2270 885 2345 ciere,

141 2388 332 2452 exanimare
345 2387 514 2462 homines,
526 2385 673 2472 precudes
689 2393 905 2471 prosternere
918 2384 1057 2470 passim,

141 2511 257 2568 cetera
272 2501 448 2588 degenere
463 2501 530 2566 hoc
545 2501 658 2587 quavi
672 2500 783 2565 facere
798 2501 908 2565 omnia
921 2481 1068 2586 possint,

68 2637 116 2682 Ιιι5
140 2616 335 2703 expediam,
349 2638 458 2702 neque
474 2624 507 2681 te
521 2617 554 2680 in
568 2615 742 2704 promissis
756 2614 853 2702 plura
867 2616 1040 2680 morabor.
1143 2671 1146 2678 .

184 2730 334 2796 Fulmina
346 2730 475 2818 gignier
489 2745 508 2795 e
523 2732 644 2796 crassis
660 2731 793 2815 alteque
809 2728 1029 2816 putandumst

140 2846 285 2936 nubibus
302 2847 479 2911 extructis:
491 2868 568 2910 nam
584 2847 676 2909 caelo
692 2845 783 2909 nulla
797 2866 915 2908 sereno

140 2983 206 3026 nec
221 2962 335 3025 leviter
351 2959 463 3024 densis
478 2960 652 3024 mittuntur
667 2959 810 3022 nubibus
824 2977 994 3040 umquam.

140 3099 218 3141 nam
234 3075 335 3141 dubio
350 3075 468 3162 procul
483 3074 549 3137 hoc
563 3073 634 3137 fieri
648 3070 821 3135 manifesta
836 3069 938 3134 docet
951 3087 1023 3143 res;

72 3212 117 3257 250
140 3190 234 3278 quod
248 3198 319 3255 tum
332 3211 393 3276 per
409 3196 516 3254 totum
531 3196 753 3280 concreseunt
768 3191 845 3249 abra
859 3185 982 3257 nubes,

140 3305 289 3392 undique
303 3305 352 3371 uti
365 3305 524 3370 tenebras
539 3303 644 3369 omnis
660 3301 853 3366 Acherunta
866 3319 999 3362 reamur

140 3421 278 3506 liquisse
293 3428 327 3485 et
341 3441 478 3506 magnas
494 3419 574 3482 caeli
590 3418 774 3504 complesse
790 3434 966 3479 cavernas.

140 3534 347 3621 usqueadeo
363 3542 452 3600 tetra
466 3533 653 3597 nimborum
667 3539 766 3596 nocte
782 3537 900 3593 coorta
969 3569 971 3574 -

140 3649 324 3737 inpendent
338 3657 431 3715 atrae
445 3646 630 3712 formidinis
645 3666 705 3711 ora
719 3662 879 3731 superne,

73 3783 118 3829 255
141 3787 215 3830 oum
230 3764 410 3831 commoliri
425 3769 607 3849 tempestas
621 3760 757 3824 fulmina
771 3762 921 3843 coeptat.

142 3983 343 3993 Ι.----.-----ι

141 4118 192 4164 226
210 4111 409 4180 montibusque.
429 4109 440 4178 ll
458 4097 508 4161 228
526 4125 574 4179 per
592 4113 670 4178 septa
687 4103 841 4157 domorum.
862 4101 872 4170 ΙΙ
900 4104 949 4152 229
969 4097 1077 4151 Clamor
1094 4098 1124 4147 ut
1141 4108 1172 4144 ee
1190 4105 1271 4142 voces

139 4195 238 4249 transit
255 4211 304 4265 per
321 4211 398 4248 saeco
416 4210 463 4263 per
481 4209 556 4246 sera.
585 4192 595 4262 ll
621 4195 670 4242 231
690 4189 752 4242 item
778 4187 789 4255 ΙΙ
815 4189 863 4236 234
881 4189 911 4235 ut
929 4183 940 4252 ΙΙ
958 4186 1007 4234 237
1026 4177 1121 4234 tollens
1139 4173 1244 4228 fervere
1261 4171 1272 4237 ll

142 4284 191 4330 221
213 4278 276 4347 igne
294 4276 305 4347 ΙΙ
323 4281 372 4329 242
390 4276 552 4329 monimenta
569 4273 579 4342 ll
597 4279 646 4325 245
664 4280 692 4326 te
710 4276 842 4324 omissam.
862 4263 872 4331 ΙΙ
890 4269 939 4318 246
958 4261 1031 4334 gigni
1050 4254 1175 4313 celassis
1195 4255 1206 4324 ΙΙ
1223 4257 1272 4304 250

141 4371 207 4415 tunc
