2970 5268
1475 351 1476 410 l

641 474 688 542 111
1161 485 1227 552 113

1475 611 1476 666 l

109 657 233 714 mortua
247 649 300 713 cui
314 649 386 714 vita
399 656 453 712 est
466 669 574 734 prope
589 649 652 712 iam
669 649 745 714 rivo
760 659 862 737 atque
877 645 1035 732 videnti‚'

8 847 9 852 ἵ
110 765 164 848 qui
176 784 290 828 somno
305 772 436 851 partem
450 764 607 844 maiorem
622 765 768 830 conteris
783 766 869 842 aevi,
901 770 907 783 '

8 943 9 966 χ
109 887 141 942 11
153 877 287 964 vigilans
302 877 417 942 stertis
431 899 495 942 neo
510 879 639 943 somnia
655 901 791 944 cernere
805 901 931 956 cessas,

107 992 341 1078 sollicitamque
356 993 445 1079 geris
460 1013 556 1057 cassa
569 992 745 1058 formidine
760 1005 917 1072 mentem,

46 1125 93 1168 uso
106 1129 167 1170 nec
179 1109 323 1194 reperire
338 1116 437 1195 potes
451 1108 512 1172 tibi
526 1107 608 1194 quid
622 1109 667 1173 sit
680 1129 781 1195 saepe
795 1111 890 1188 mali,
901 1134 975 1176 cum

106 1223 212 1287 ebrius
226 1223 355 1308 urgeris
369 1222 480 1287 multis
494 1223 594 1287 miser
608 1222 757 1309 undique
772 1225 860 1288 curis

8 1387 9 1396 ,
106 1347 204 1423 atque
218 1337 315 1402 animi
327 1337 464 1404 incerto
472 1337 605 1402 fluitans
620 1359 735 1402 errore
749 1340 904 1425 vagaris!

148 1451 183 1516 Si
197 1459 337 1539 possent
350 1452 518 1528 homines,
530 1450 672 1540 proinde
687 1474 727 1516 ao
742 1455 866 1518 sentire
880 1455 1037 1522 videntur

107 1566 236 1652 pondus
250 1569 360 1632 inesse
376 1567 486 1632 animo
497 1617 504 1643 ‚
517 1566 609 1652 quod
625 1589 661 1632 se
674 1569 839 1654 gravimte
853 1569 987 1656 fatiget,

45 1698 92 1742 1111
106 1703 123 1746 1
138 1683 256 1767 quibus
269 1681 305 1746 id
319 1682 378 1747 fiat
393 1682 502 1746 causis
518 1703 653 1768 quoque
666 1703 807 1748 noscere
823 1694 857 1749 et
870 1684 960 1749 unde

106 1806 198 1862 tanta
211 1797 287 1862 mali
301 1806 370 1862 tam
386 1796 604 1882 quam-moles
617 1796 651 1861 in
666 1806 803 1885 pectore
819 1808 968 1877 constet,

105 1913 186 1977 baut
198 1913 244 1977 ita
257 1913 360 1977 vitam
375 1920 530 1998 agerent,
540 1921 577 1977 ut
590 1934 680 1976 nunc
694 1913 889 2007 plerumque
903 1915 1054 1982 videmus

106 2027 187 2113 quid
200 2028 261 2092 sibi
276 2028 419 2114 quisque
433 2027 514 2092 velit
527 2028 673 2103 nescire,
685 2035 719 2092 et
733 2049 895 2114 quaerere
909 2051 1041 2117 semper

105 2149 307 2206 commutare
321 2141 448 2216 locum,
460 2142 555 2227 quasi
572 2163 656 2206 onus
672 2140 842 2230 deponere
857 2145 982 2229 possit.

43 2273 91 2318 1111
105 2259 171 2322 exit
186 2277 288 2342 saepe
301 2256 394 2322 foras
407 2257 534 2342 magnis
550 2277 592 2320 ex
606 2256 745 2321 aedibus
760 2259 829 2333 ille,

106 2393 177 2435 esse
194 2370 283 2435 domi
298 2391 397 2456 quem
412 2379 652 2455 pertaesumst‚
663 2372 843 2458 subitoque
857 2375 1010 2448 revertit,

106 2487 230 2572 quippe
244 2484 326 2550 foris
341 2485 408 2549 nilo
423 2485 539 2550 melius
555 2487 612 2571 qui
627 2487 750 2552 sentiat
764 2509 852 2552 esse.

105 2601 208 2665 currit
222 2620 325 2686 agens
339 2621 478 2664 mannos
493 2599 537 2665 ad
552 2601 662 2666 villam
678 2604 952 2690 praecipitanter,

104 2715 259 2779 auxilium
273 2715 373 2779 tectis
389 2715 482 2800 quasi
497 2715 584 2780 ferre
600 2715 795 2781 ardentibus
809 2718 953 2782 instans:

43 2830 227 2894 ressuscitat
241 2829 427 2915 extemplo,
438 2831 549 2916 tetigit
563 2853 637 2896 cum
651 2833 763 2896 limina
777 2834 890 2908 villae,

105 2955 162 3010 ant
177 2945 247 3009 abit
259 2945 295 3009 in
309 2965 460 3009 somnum
474 2947 584 3031 gravis
600 2954 702 3031 atque
718 2947 842 3010 oblivia
857 2949 1003 3030 quaerit,

105 3069 164 3124 aut
179 3060 277 3124 etiam
291 3081 478 3146 properans
492 3061 608 3124 urbem
623 3061 708 3144 petit
722 3069 824 3144 atque
839 3043 967 3123 re'visit.

8 3181 9 3254 3
105 3175 172 3238 hoo
187 3196 223 3239 se
238 3173 379 3261 quisque
395 3172 496 3237 modo
512 3172 613 3260 fugit:
624 3183 659 3237 at
674 3195 792 3258 quom,
805 3173 949 3248 scilicet,
960 3183 999 3238 ut
1012 3173 1064 3248 fit,

8 3271 9 3340 i
106 3289 250 3376 effugere
264 3289 348 3354 hant
361 3289 451 3376 potis
466 3295 532 3381 est,
545 3288 684 3374 ingratis
697 3288 816 3352 haeret
832 3295 866 3351 et
880 3286 953 3352 odit

46 3419 93 3466 1111
107 3411 306 3492 propterea,
318 3404 424 3468 morbi
440 3405 518 3489 quia
533 3424 666 3468 causam
680 3424 748 3467 non
764 3409 857 3469 tenet
871 3423 986 3489 aegon

107 3521 307 3604 quambene
322 3519 350 3582 si
364 3517 494 3594 videat,
505 3520 570 3582 iam
583 3520 685 3582 rebus
701 3518 843 3604 quisque
858 3518 982 3582 relictis

8 3715 9 3722 ἵ
106 3641 258 3698 naturam
273 3635 415 3720 primum
429 3633 565 3696 studeat
579 3653 784 3718 cognoscere
799 3654 926 3706 rerum,

107 3749 269 3834 temporis
284 3747 410 3812 aeterni
426 3746 581 3832 quoniam
591 3795 599 3822 ‚
609 3768 678 3810 non
692 3749 790 3810 unius
805 3747 924 3820 horae,

8 3937 9 3964 ¹
109 3865 285 3950 ambigitur
299 3869 426 3935 status,
437 3861 471 3925 in
486 3883 554 3946 quo
569 3863 613 3924 sit
626 3861 820 3926 mortalibus
836 3862 943 3926 omnis

44 3991 92 4039 1075
107 3987 217 4054 actas,
229 3985 309 4064 post
322 3984 462 4041 mortem
479 3996 564 4060 quae
579 3983 686 4039 restat
701 3996 842 4060 cumque
856 3974 1036 4040 manenda.

8 4103 10 4172 l

114 4298 180 4344 1050
198 4291 269 4362 quod
288 4293 298 4360 ΙΙ
319 4297 382 4343 1052
402 4292 488 4343 animo
517 4293 526 4358 ll
558 4296 619 4342 1061
640 4305 782 4360 perquem
811 4290 821 4356 ll
847 4289 957 4343 revertit
974 4296 1107 4344 omissum.
1134 4288 1145 4357 ll
1176 4291 1238 4339 1001

111 4374 284 4444 prpecipiter.
308 4375 318 4443 ll
345 4373 525 4426 1161111111.
545 4375 555 4442 ΙΙ
577 4378 735 4442 1061111111
754 4372 764 4438 ll
785 4376 849 4423 1069
868 4372 996 4441 ingratius
1014 4371 1024 4439 Η
1045 4376 1109 4423 1073
1129 4367 1241 4421 Aeterni

112 4457 241 4526 temporis
260 4459 270 4526 Η
290 4463 354 4509 1071
374 4454 517 4508 manendo.

1019 4551 1039 4612 8
