3034 5198
288 483 355 551 112
823 481 853 550 ll

284 661 347 724 bus
363 656 495 722 dnobus
510 655 584 738 (649
595 655 668 738 650)
684 654 814 720 omissis
829 654 1030 720 scholiastes
1046 654 1147 720 Statii
1161 656 1207 722 ad
1221 657 1331 724 Theb.
1347 682 1405 730 ιιι,

283 757 345 822 650
357 781 365 832 3
379 773 513 820 versum
527 753 589 818 650
604 754 742 819 Servius
752 753 809 839 *ad
823 754 906 818 Aen.
917 777 976 829 xn,
985 754 1046 818 794
1065 778 1074 828 ς
1095 775 1230 820 versum
1244 757 1403 822 ultimum

187 869 190 876 '
283 854 373 919 idem
385 853 429 917 ad
440 854 522 918 Aac.
533 852 646 926 vnum
666 851 762 916 etad
780 851 884 937 eclog.
896 874 968 926 vm,
982 851 1287 939 17‚Noniusp.25‘2‚
1303 854 1344 918 27
1363 863 1404 918 et

282 953 354 1027 408,
362 951 420 1024 20,
432 958 674 1016 commentator
685 950 820 1015 Horatii
833 950 1044 1036 Cruquianus
1057 973 1088 1038 p.
1098 951 1159 1014 363
1169 1000 1176 1016 .
1188 951 1308 1016 horum
1320 952 1401 1016 nul-

283 1050 335 1115 lus
351 1050 438 1116 dixit
452 1071 494 1114 ex
509 1057 615 1135 quoto
628 1049 774 1113 Lucretii
787 1049 951 1114 librohos
962 1069 1081 1114 versus
1093 1048 1284 1134 repetierit,
1294 1071 1401 1135 prae·

201 1209 207 1228 ,
283 1157 335 1212 ter
348 1149 509 1223 Nonium,
521 1147 578 1232 qui
590 1146 754 1213 adscribit
766 1167 825 1210 eos
840 1147 970 1210 seeundo
980 1172 991 1210 :
1001 1146 1125 1233 singuli
1133 1148 1168 1211 in
1180 1147 1303 1231 quibus
1314 1169 1399 1233 pec·

282 1246 390 1312 carint
406 1245 518 1310 dicere
533 1253 587 1310 est
601 1247 705 1310 otium
719 1245 864 1330 perdere
881 1291 889 1307 .
912 1245 1035 1309 Sernota
1050 1246 1088 1310 ab
1102 1247 1211 1309 icastris
1225 1245 1400 1332 oblongus

281 1345 353 1419 bic,
366 1344 443 1409 etin
455 1343 541 1409 libro
554 1367 575 1422 1,
584 1343 625 1407 46
639 1351 782 1432 uterque
798 1365 873 1408 cum
886 1341 1039 1408 schedis:
1051 1367 1072 1406 u
1082 1344 1191 1408 erortris
1204 1341 1398 1428 quadratus

283 1455 315 1508 ct
336 1441 484 1508 schedac
504 1441 560 1506 bic
575 1489 583 1516 ‚
601 1442 680 1504 item
697 1440 896 1505 Lactantius
918 1447 953 1504 et
971 1440 1140 1526 interpres
1155 1439 1279 1506 Statii.
1296 1464 1398 1527 neptae

281 1545 415 1627 tunpitur
429 1539 538 1604 nostri
552 1539 609 1603 hic
624 1585 631 1610 ‚
652 1559 762 1623 neque
778 1539 876 1603 aliter
890 1537 1020 1602 Nonius
1037 1561 1044 1601 ι
1064 1562 1120 1604 uec
1134 1539 1267 1624 tauqitur
1281 1559 1395 1602 exem-

283 1639 388 1727 plaria
401 1646 521 1702 nostra
534 1638 567 1700 in
584 1635 669 1700 libro
685 1637 792 1722 primo
802 1685 810 1711 ‚
821 1636 1019 1700 lactantius
1031 1681 1039 1710 ‚
1052 1635 1210 1712 Servius,
1225 1657 1396 1700 commcn-

281 1747 373 1803 tetor
388 1735 616 1820 CruquianuS‚
628 1735 831 1799 scholiastes
847 1733 965 1800 Statii.

365 1834 435 1898 656.
448 1855 713 1908 cennnauour
725 1853 882 1896 vocans
894 1832 1395 1906 Consrrruarrnuoas,rr

281 1955 437 2000 saecul
465 1953 623 1996 scurrae
647 1953 770 1995 scurr
792 1931 1000 1996 Mavors.
1030 1929 1126 1995 Haec
1153 1929 1241 1994 inter
1263 1953 1300 1994 se
1322 1951 1393 1995 uon

281 2029 530 2099 ceduntscribi
545 2029 648 2094 debet
659 2027 916 2094 Coresrrrurr
931 2041 959 2094 et
970 2029 1102 2102 Mavult,
1113 2035 1173 2092 aut
1189 2029 1352 2094 Coeutiluel
1364 2044 1395 2094 et

281 2131 393 2198 Melet.
406 2129 573 2215 oblongus
587 2127 692 2193 habet
705 2129 844 2192 iumine.

363 2227 434 2294 650.
449 2250 529 2292 nun
545 2249 647 2290 vena
663 2249 708 2290 ns
722 2247 859 2290 renen
873 2247 966 2289 rese
979 2273 986 2287 .
1001 2223 1104 2288 luhis
1116 2225 1229 2290 verbis
1240 2223 1392 2310 pendere

280 2327 467 2392 orationem
489 2346 597 2410 neque
616 2323 653 2389 id
675 2323 767 2409 quod
787 2323 853 2388 dici
874 2331 1031 2409 coeptum
1053 2329 1106 2386 est
1126 2311 1257 2388 absolvi
1278 2331 1391 2408 patet.

278 2427 343 2492 l'uit
358 2433 469 2490 autem
483 2423 539 2487 hic
553 2424 588 2486 in
603 2422 792 2508 archetypo
808 2421 951 2508 paginae
965 2419 1065 2485 huius
1078 2420 1153 2484 libri
1164 2441 1258 2484 xxvu
1269 2441 1391 2486 versus

281 2525 434 2610 quintus3
445 2541 519 2586 cum
535 2540 602 2604 quo
615 2519 720 2604 siquis
731 2519 881 2583 eiusdem
892 2519 1034 2605 paginae
1045 2517 1194 2582 ultimum
1207 2519 1391 2606 coniunget

279 2623 347 2686 hoc
360 2619 480 2692 modu,
492 2619 564 2682 dum
578 2639 652 2679 uera
666 2639 701 2679 re
715 2627 813 2680 tumea
826 2618 891 2702 ipse

363 2717 433 2782 680.
448 2715 681 2780 Recrerous
704 2736 866 2778 ιιιιιιιιιι
888 2737 1010 2778 runci
1032 2736 1297 2779 coruscans
1319 2738 1388 2779 en-

280 2841 300 2880 ιι
310 2837 387 2879 nro
398 2864 405 2884 ,
416 2813 498 2878 nihil
512 2834 653 2898 usquam
668 2812 835 2898 relinquet
850 2811 1076 2888 difficultatis3
1091 2813 1154 2876 nisi
1169 2812 1311 2898 quodin
1324 2814 1389 2878 ho-'

278 2935 351 2978 rum
367 2912 481 2976 ultimo
497 2912 661 2977 vocabulo
674 2961 681 2984 ,
694 2911 787 2996 quod
803 2914 836 2976 in
851 2911 998 2996 oblongo
1014 2913 1176 2998 scriptum
1192 2921 1246 2976 est
1254 2917 1386 2996 parcito,

279 3032 426 3076 errorem
441 3031 510 3074 non
526 3010 622 3074 citius
638 3008 872 3094 deprehendet
888 3029 987 3093 quam
1003 3009 1170 3093 corriget:
1182 3007 1285 3074 debet
1300 3011 1386 3075 enim

279 3131 353 3175 esse
367 3111 440 3174 dum
454 3111 624 3193 contorpere
639 3130 815 3173 renone.

360 3207 690 3272 colmannus
706 3229 949 3269 proccessu
967 3225 1160 3280 cononum
1174 3228 1384 3271 cucumer

277 3327 427 3370 enocns
443 3351 450 3366 .
466 3303 524 3368 Bis
539 3303 672 3386 profert
686 3303 816 3366 Nonius
828 3325 859 3386 p.
869 3303 919 3378 80,
928 3302 969 3367 28
981 3310 1015 3366 et
1026 3302 1096 3376 208,
1106 3302 1146 3366 22
1163 3350 1171 3376 ,
1194 3303 1256 3368 sed
1270 3305 1384 3388 priore

275 3403 351 3466 loco
372 3403 564 3486 Lacipenae.
580 3403 711 3465 duellica
728 3411 839 3465 autem
854 3400 984 3466 Nonius
1000 3399 1194 3474 confirmat,
1210 3421 1320 3486 neque
1336 3404 1384 3466 vi·

276 3499 399 3563 dentur
409 3499 613 3562 vetustiores
627 3497 725 3562 aliter
734 3498 858 3562 dixisse
869 3519 969 3583 quem
984 3499 1147 3563 duellicum
1155 3507 1190 3562 et
1192 3500 1383 3584 perduelles.

163 3591 172 3610 ’
273 3599 322 3661 ita
337 3596 477 3660 Plautus
493 3615 625 3680 semper
641 3645 648 3670 ‚
670 3596 822 3680 quumvis
837 3596 946 3661 soleat
960 3597 994 3660 in
1009 3595 1061 3660 his
1076 3619 1098 3658 u
1112 3595 1225 3660 littera
1238 3597 1384 3681 plerum·

274 3714 339 3780 quc
361 3715 423 3778 pro
446 3701 654 3757 consonante
676 3695 747 3766 uti,
769 3695 848 3758 item
870 3694 998 3758 Ennius
1020 3693 1112 3778 apud
1130 3695 1318 3760 Varronem
1341 3695 1384 3760 dc

272 3790 386 3878 lingua
396 3791 518 3856 Latina
533 3790 619 3855 libro
630 3813 678 3854 vu
690 3813 722 3875 p.
734 3792 796 3855 335
805 3794 988 3878 sumpserint
995 3793 1216 3878 perduellibus.
1229 3794 1312 3858 satis
1323 3795 1383 3858 mi·

272 3889 368 3953 rabili
379 3891 509 3952 ratione
521 3889 683 3974 scriptum
696 3891 789 3965 estin
799 3890 940 3977 prologo
952 3890 1169 3976 Captivorum
1179 3892 1273 3954 valete
1282 3941 1292 3970 ‚
1301 3893 1382 3956 iudi·

210 4035 220 4054 .
272 4009 320 4048 ces
332 3987 486 4050 lectissimi
500 3987 612 4062 Domi,
627 3989 755 4074 bellique
775 3990 951 4052 duellatores
965 3989 1079 4072 optumi
1095 4035 1103 4059 ‚
1124 3994 1244 4052 contra
1259 3989 1292 4052 in
1307 3990 1382 4054 Aei-

271 4081 367 4146 naria
383 4105 432 4157 ιιι,
441 4085 470 4156 2,
482 4083 519 4147 13
531 4108 610 4170 petae
624 4087 706 4150 domi
719 4087 867 4173 duellique
881 4084 1089 4170 malefecisti.

355 4180 743 4260 662.Bucnn1nrouc
768 4205 922 4247 oannes
946 4205 1078 4246 consu
1102 4205 1381 4248 sucreoursn

158 4275 161 4285 '
272 4301 315 4340 cn
327 4299 405 4340 eur.
418 4278 558 4343 Praeter
568 4277 713 4344 Nonium
724 4305 753 4366 p.
762 4281 804 4344 80
814 4287 848 4342 et
856 4279 918 4344 208
927 4279 980 4344 his
989 4281 1095 4344 utitur
1104 4280 1276 4346 Charisius
1284 4302 1317 4364 p.
1327 4281 1382 4356 72,

274 4377 409 4439 (emmim
415 4377 572 4464 seeuiniuo
584 4381 685 4444 omniu
700 4378 904 4463 iieouosylluba
919 4389 989 4442 suist
1001 4390 1123 4463 eccepto
1135 4401 1228 4464 prope
1249 4391 1278 4441 et
1292 4403 1380 4463 repe.

268 4495 395 4556 quoium
419 4476 544 4540 ulterius
567 4501 605 4541 ee
627 4479 742 4539 diuerso
761 4499 871 4560 periere
894 4487 1113 4540 eoiestatsaom
1137 4477 1279 4540 Lucilius
1300 4479 1333 4540 iu
1356 4501 1382 4540 ιι
