2970 5268
635 435 667 501 V

67 607 224 674 accidere
243 630 289 673 ex
305 629 373 672 una
387 608 531 673 scintilla
544 608 699 674 incendia
713 613 853 698 passim.

65 726 213 790 forsitan
234 747 253 788 e
268 745 375 788 rosea
389 723 442 788 sol
456 724 522 788 alte
536 724 691 812 lampade
705 727 821 792 lucens

62 840 249 925 possideat
264 840 407 906 multum
422 839 530 904 caecis
544 839 733 906 fervoribus
748 842 859 927 ignem

61 959 184 1019 circum
204 977 268 1032 se,
281 955 375 1022 nullo
391 955 449 1040 qui
464 956 508 1020 sit
522 955 652 1042 fulgore
667 965 823 1034 notatus,

59 1071 205 1135 aestifer
222 1080 264 1135 ut
280 1079 413 1134 tentum
427 1069 596 1135 radiorum
611 1080 776 1158 exaugeat
788 1073 904 1138 ictum.
1002 1105 1005 1113 Α

91 1186 174 1250 Nec
192 1187 294 1250 ratio
310 1185 393 1264 solis
408 1185 549 1273 simplex
563 1186 681 1252 rellats
695 1188 854 1274 patescit,

27 1317 42 1358 :2
58 1323 120 1385 quo
137 1310 263 1388 pacto
281 1300 418 1364 aestivis
434 1321 452 1363 e
466 1301 618 1387 partibus
634 1302 844 1388 aegocerotis

57 1416 231 1482 brumalis
247 1413 354 1483 adeat
366 1413 475 1480 flexus
490 1425 593 1502 atque
606 1415 685 1482 inde
699 1425 874 1482 revertens

0 1618 1 1623 ἵ
57 1533 180 1596 cancri
198 1553 240 1595 se
257 1539 297 1594 ut
311 1537 424 1595 vertat
436 1539 543 1595 metes
558 1529 603 1596 ad
617 1531 815 1607 solstitialis,

0 1672 1 1679 ι
55 1645 217 1732 lunaque
233 1643 409 1710 mensibus
423 1643 456 1708 id
472 1646 616 1730 spatium
630 1645 785 1712 videatur
799 1646 909 1722 obire,

56 1783 178 1825 annua
194 1761 257 1826 sol
269 1761 305 1824 in
319 1781 389 1845 quo
405 1760 569 1824 consumit
581 1769 736 1847 tempore
751 1783 866 1826 cursu.
953 1735 959 1743 Ι

57 1897 147 1950 non,
161 1877 311 1961 inquom
321 1923 329 1950 ,
341 1874 481 1961 simplex
495 1873 547 1938 his
562 1875 664 1940 rebus
679 1873 813 1940 reddite
828 1886 977 1943 causest.

0 2026 1 2037 ι
57 2013 136 2054 nam
154 1991 239 2056 fieri
253 1990 310 2054 vel
325 2009 399 2052 cum
415 1990 527 2074 primis
542 1987 576 2052 id
591 2011 693 2075 posse
708 1989 855 2066 videtur,

59 2105 260 2170 Democriti
276 2102 371 2189 quod
386 2113 502 2168 sancte
516 2105 577 2168 viri
592 2105 758 2169 sententia
773 2107 882 2190 pouit,

60 2232 199 2306 quanto
218 2239 376 2305 quaeque
390 2220 494 2306 magis
509 2220 576 2284 sint
589 2229 713 2284 terrem
728 2217 840 2284 sideru
853 2230 1008 2306 propter,

62 2347 164 2402 tanto
182 2355 292 2424 posse
306 2334 413 2398 minus
428 2355 501 2398 cum
517 2334 601 2398 caeli
615 2333 747 2399 turbine
761 2333 855 2399 ferri:

24 2465 45 2506 ’τι
62 2469 279 2516 evanescere
295 2447 381 2512 enim
396 2447 532 2535 rapidas
546 2449 632 2513 illius
647 2458 682 2514 et
696 2451 781 2514 acris

62 2565 221 2632 imminui
236 2575 355 2649 supter
370 2563 449 2628 viris
459 2613 468 2639 ‚
478 2562 624 2649 ideoque
638 2565 779 2651 relinqui

67 2681 235 2766 paulatim
250 2679 356 2742 solem
370 2699 444 2744 cum
458 2679 692 2765 posterioribu’
707 2681 825 2766 signio,

64 2795 211 2862 inferior
226 2793 332 2858 multo
348 2791 442 2878 quod
455 2793 500 2858 sit
514 2815 611 2879 quam
626 2794 758 2858 fervida
771 2795 882 2880 signo.

67 2921 99 2974 et
113 2910 231 2996 magis
246 2908 313 2974 hoc
328 2899 455 2972 lunam:
471 2919 597 2994 quanto
614 2906 788 2974 demissior
805 2909 874 2971 eius

28 3047 46 3072 ψ’
64 3047 193 3091 cursus
208 3023 308 3088 abest
321 3023 440 3110 procul
454 3045 474 3088 a
489 3024 582 3088 caelo
597 3023 764 3107 terrisque
778 3022 1000 3107 propinquet,
1101 3029 1104 3036 ’

66 3151 167 3206 tanto
187 3159 291 3226 posse
305 3140 412 3203 minus
427 3161 502 3204 cum
517 3138 620 3223 signis
634 3134 775 3200 tendere
791 3155 938 3198 cursum.
1000 3221 1010 3234 ‚

65 3253 269 3322 flaccidiore
284 3254 405 3318 etenim
420 3261 547 3339 quanto
562 3252 627 3315 iam
642 3251 774 3318 turbine
789 3250 897 3314 fertur

65 3371 213 3436 inferior
229 3389 329 3454 quem
345 3368 414 3444 sol,
426 3375 522 3433 tanto
537 3369 641 3455 magis
657 3367 768 3432 omnio
781 3367 878 3452 signo

66 3487 163 3552 hanc
179 3482 412 3570 adipiscuntur
428 3483 567 3560 circum,
579 3491 782 3571 praeterque
796 3481 965 3546 feruntur.

20 3609 48 3657 '³2³
66 3607 258 3688 propterea
272 3599 361 3662 litut
374 3597 458 3662 haec
473 3597 517 3662 ad
532 3598 661 3683 signum
676 3597 837 3684 quodque
851 3598 975 3662 reverti

68 3715 229 3782 mobilius
243 3712 415 3788 videatur,
427 3711 471 3776 ad
485 3711 572 3775 hanc
588 3713 666 3798 quie
680 3714 775 3798 signe
788 3714 951 3778 revisunt.

68 3833 107 3896 fit
123 3848 264 3915 quoque
278 3836 317 3891 ut
331 3848 349 3890 e
363 3825 479 3891 mundi
493 3827 694 3890 transversis
708 3828 861 3914 portibus
876 3833 934 3892 adr

69 3943 213 4010 alternis
229 3949 323 4007 certo
338 3941 441 4020 fluere
457 3941 542 4005 alter
556 3948 706 4027 tempore
721 3942 844 4026 possit,

71 4061 132 4147 qui
149 4066 255 4145 queat
268 4058 405 4122 aestivis
420 4057 525 4122 solem
540 4052 722 4120 detrudere
737 4055 840 4139 signis

21 4185 52 4234 tio
69 4174 233 4241 brumalis
247 4193 357 4258 usque
374 4171 417 4236 ad
432 4169 538 4236 flexus
553 4169 767 4258 gelidumque
781 4169 939 4256 rigorem,

73 4349 278 4370 -.....Δ.-.-

1 4425 2 4430 ’
75 4431 125 4477 610
143 4434 171 4476 et
189 4423 200 4490 11
219 4427 269 4474 613
289 4419 436 4474 Aestiferiu
456 4419 466 4490 ss
484 4425 534 4472 614
553 4427 626 4473 recto
644 4418 654 4487 ll
674 4423 721 4472 617
743 4417 868 4474 Carceris
887 4429 917 4474 ut
935 4419 945 4490 ΙΙ
964 4425 1013 4472 632
1033 4420 1112 4477 etium

971 4519 1009 4582 12
