2970 5268
277 504 345 572 176
591 601 593 606 ἲ
824 501 853 565 v

273 679 525 766 quam‚nostris
541 677 645 741 oculis
661 697 727 761 qua
742 677 906 740 cernimus
917 725 924 750 ‚
936 697 1010 738 ease
1026 675 1173 739 videtur.

256 816 349 859 ·nam
362 793 455 880 prius
471 793 598 866 omnia,
610 812 696 876 quae
711 791 811 876 longe
825 799 955 854 semota
970 799 1100 855 tuemur

202 927 250 974 ⁵80
273 915 350 974 aare
365 929 426 994 per
440 907 594 980 multum,
606 905 718 991 speeie
734 903 874 970 confusa
889 904 1047 969 videntur

274 1045 373 1110 quam
386 1022 488 1086 minui
502 1021 607 1084 filum.
621 1041 687 1104 qua
702 1029 841 1108 propter
856 1021 934 1084 luua
949 1041 1087 1086 necesse
1103 1033 1167 1096 est,

274 1128 546 1224 quandoquidem
562 1136 685 1200 claram
700 1135 842 1220 speeiem
858 1147 1049 1220 certamque
1064 1137 1202 1222 figuram

274 1254 430 1341 praebet,
442 1260 479 1315 ut
494 1261 546 1315 est
561 1251 628 1314 oris
645 1251 800 1314 extremis
816 1271 956 1335 eumque
972 1259 1091 1314 notata

275 1375 467 1455 quantaque
482 1373 641 1452 quantast
654 1365 733 1428 hine
748 1365 844 1428 nobis
860 1364 1013 1428 videatur
1027 1365 1061 1428 in
1076 1366 1159 1430 alto.

202 1500 250 1547 585
272 1491 444 1570 postremo
460 1503 546 1567 quos
561 1501 702 1566 eumque
717 1478 812 1544 vides
827 1479 905 1542 hine
919 1480 1065 1544 aetheris
1080 1482 1190 1567 ignes,

274 1595 547 1683 quandoquidem
562 1617 647 1680 quas
663 1616 804 1679 cumque
819 1595 853 1657 in
869 1595 966 1658 terris
981 1597 1145 1672 cernimu’‚
1157 1597 1305 1661 flammae

268 1691 354 1775 ¹dum
368 1719 493 1776 tremor
509 1718 560 1773 est
575 1710 702 1777 clarus,
716 1708 794 1772 dum
810 1711 957 1773 cernitur
971 1709 1073 1774 ardor
1088 1733 1217 1786 eorum.

275 1847 474 1912 perparvom
491 1823 649 1910 quiddam
663 1825 750 1888 inter
766 1823 843 1888 dum
858 1837 986 1888 mutare
1001 1824 1134 1889 videtur
1215 1857 1227 1881 ·

273 1941 410 2005 alteram
424 1949 533 2004 utram
547 1941 580 2003 in
597 1947 723 2026 partem
740 1939 846 2014 filum,
859 1961 926 2024 quo
941 1939 1073 2025 longius
1089 1942 1225 2015 absunt,

202 2072 250 2118 ter
272 2056 358 2119 seire
373 2055 451 2120 licet
467 2075 627 2139 perquam
642 2055 788 2140 pauxillo
805 2039 1065 2140 posse'minores

274 2191 348 2234 esse
363 2170 416 2234 vel
432 2171 552 2256 exigua
566 2170 700 2234 maioris
715 2177 810 2254 parte
825 2170 1003 2252 brevique.

201 2301 250 2348 590
313 2285 400 2349 Illud
414 2285 492 2349 item
508 2307 576 2349 non
592 2293 644 2349 est
657 2283 860 2356 mirandum,
873 2305 939 2368 qua
955 2285 1082 2348 ratione

272 2401 420 2464 tantulus
435 2399 489 2463 ille
506 2411 608 2484 queat
621 2409 751 2464 tantum
766 2398 817 2464 sol
833 2399 962 2463 mittere
977 2400 1100 2472 lumen,

273 2513 366 2599 quod
380 2515 484 2577 maria
499 2535 538 2577 ae
554 2523 661 2578 terras
677 2514 782 2578 omnis
798 2515 992 2600 caelumque
1008 2513 1148 2600 rigando

273 2627 439 2712 compleat
454 2637 487 2690 et
502 2626 610 2690 calido
626 2626 809 2713 perfundat
823 2638 943 2692 cuncta
959 2651 1101 2714 vapore.

201 2758 248 2804 597
271 2763 348 2805 nam
363 2741 440 2805 licet
454 2741 533 2805 hinc
546 2740 661 2806 mundi
676 2742 877 2828 patefactum
893 2745 998 2807 totius
1013 2765 1114 2806 unum

271 2855 455 2940 largifluum
470 2855 595 2921 fontem
611 2866 741 2923 scatere
757 2865 858 2942 atque
875 2879 1047 2944 erumpere
1061 2858 1187 2930 lumen,

272 2991 315 3035 ex
329 2971 417 3036 omni
432 2971 555 3036 mundo
572 2973 649 3058 quia
664 2972 712 3036 sie
727 2973 890 3036 elementa
906 2975 1040 3058 vaporis

199 3101 248 3151 600
270 3085 419 3172 undique
435 3089 639 3152 conveniunt
654 3090 750 3153 etsie
767 3088 936 3152 coniectus
952 3109 1065 3152 eorum

270 3201 424 3278 confluit,
437 3223 478 3266 ex
492 3225 559 3266 uno
575 3203 685 3290 capite
700 3203 754 3266 hie
769 3212 806 3267 ut
821 3203 966 3289 prossuat
980 3200 1106 3294 ardor..

268 3337 380 3380 nonne
395 3315 491 3380 vides
507 3311 604 3380 etiam
620 3341 718 3403 quam
734 3317 800 3380 late
816 3339 938 3401 parvus
954 3317 1052 3402 aquai

269 3439 369 3515 prata
382 3429 469 3514 riget
483 3430 558 3494 fons
574 3432 660 3494 inter
676 3429 754 3493 dum
770 3433 961 3516 campisque
976 3429 1169 3494 redundet?

270 3553 322 3608 est
338 3545 434 3608 etiam
450 3565 585 3629 quoque
600 3545 648 3608 uti
663 3567 731 3608 non
747 3566 866 3630 magno
882 3545 960 3609 solis
976 3546 1018 3610 ab
1033 3545 1101 3632 igni

197 3673 246 3720 toa
269 3663 347 3722 atra
363 3659 525 3744 percipiat
540 3658 655 3723 calidis
670 3659 858 3723 fervoribus
873 3659 990 3734 ardor,

270 3781 480 3859 opportunus
495 3775 543 3838 ita
558 3784 610 3839 est
623 3775 650 3838 si
666 3775 753 3838 forte
769 3785 801 3839 et
815 3773 956 3839 idoneus
971 3782 1042 3845 afar.

268 3895 306 3950 ut
320 3897 423 3972 queat
437 3889 573 3953 accendi
589 3891 700 3975 parvis
717 3865 899 3955 ardoribus'
907 3892 1007 3962 ictus:

269 4002 362 4087 quod
377 4025 482 4089 genus
498 4005 585 4068 inter
601 4005 677 4068 dum
695 4015 826 4084 segetes
842 4007 1063 4091 stipulamque
1079 4005 1229 4070 videmus

270 4323 319 4370 589
338 4319 410 4370 Aere
429 4317 438 4389 Η
459 4325 503 4369 591
527 4321 560 4371 mi
580 4321 590 4399 t}
609 4325 658 4372 584
679 4320 783 4384 Quanta
802 4339 906 4391 quoque
924 4331 1047 4390 quantum
1077 4325 1086 4390 {1
1114 4328 1162 4374 586
1181 4321 1302 4374 flammae
1320 4329 1404 4374 ouria-

268 4421 336 4456 eum.
364 4403 373 4470 ΙΙ
402 4408 450 4454 587
471 4413 513 4455 eat
530 4411 664 4456 omia-rum.
693 4405 702 4465 t
730 4410 779 4457 589
797 4405 878 4458 absit.
907 4407 916 4470 tt
945 4411 992 4456 595
1012 4417 1087 4476 perte
1107 4409 1115 4467 tt
1136 4411 1300 4456 tat-2584.
1321 4404 1330 4470 qt
1350 4410 1403 4455 599

193 4529 203 4552 ,
270 4501 381 4554 vapore.
401 4486 410 4552 ΙΙ
431 4490 479 4536 995
500 4487 640 4556 perrtpitat
658 4484 669 4554 {t
688 4493 737 4536 995
757 4488 806 4539 situ
827 4499 866 4539 est
