2970 5268
279 507 347 576 130
808 505 871 574 ΗΙΙ

202 699 250 744 455
273 689 342 746 tum
357 680 495 765 vigilare
510 687 622 744 tamen
636 679 735 744 nobis
751 687 784 743 et
799 679 947 743 membra
961 699 1095 743 movere

274 802 392 859 nostra
406 794 574 888 videmur,
587 803 620 858 et
634 795 668 857 in
683 793 792 857 noctis
808 793 947 878 caligine
964 814 1064 857 caeca

274 930 410 974 cernere
426 930 599 973 censemus
614 908 719 973 solem
733 907 910 993 lumenque
926 907 1097 976 diurnum.

274 1024 500 1107 conclusoque
515 1023 590 1088 loco
606 1023 732 1087 caelum
746 1043 837 1086 mare
852 1021 987 1085 flumina
1001 1024 1124 1086 montis

273 1149 400 1203 mutare
417 1147 451 1201 et
465 1159 599 1224 campos
615 1135 758 1222 pedibus
773 1138 914 1200 transire
929 1135 1097 1206 videmur,

201 1267 249 1315 455
272 1261 306 1316 et
320 1253 450 1317 sonitus
465 1251 580 1315 andire
591 1301 598 1326 ‚
611 1273 728 1315 severa
742 1251 873 1315 silentia
887 1249 996 1314 noctis

272 1365 421 1452 undique
436 1387 509 1428 cum
526 1375 698 1440 constent,
710 1374 743 1428 et
757 1364 900 1429 reddere
917 1363 1008 1429 dicta
1022 1373 1188 1430 tacentes.

273 1489 385 1545 cetera
400 1478 443 1542 de
458 1501 580 1565 genere
594 1481 660 1544 hoc
676 1479 799 1542 miracli
815 1480 919 1543 multa
933 1477 1101 1552 videmus,

273 1617 359 1679 quae
375 1595 500 1659 violare
514 1592 612 1656 fidem
629 1595 725 1678 quasi
741 1594 894 1657 sensibus
910 1595 1020 1656 omnia
1035 1608 1216 1679 quaerunt,

273 1729 315 1771 445
331 1709 506 1795 quiquam,
519 1709 673 1793 qnoniam
689 1729 769 1794 pars
783 1706 902 1770 horum
918 1709 1059 1773 maxima
1072 1706 1158 1772 fallit

198 1838 247 1885 455
270 1832 410 1910 propter
425 1825 579 1908 opinatus
595 1824 709 1893 animi,
722 1844 809 1908 quos
824 1821 978 1899 addimus
992 1823 1071 1908 ipsi,

269 1959 333 2022 pro
348 1938 428 2002 visis
444 1946 480 2001 ut
494 1938 562 2002 sint
577 1959 664 2023 qnae
677 1959 747 2000 non
761 1947 840 2001 sunt
854 1937 998 2000 sensibn'
1012 1937 1098 2000 visa:

268 2073 344 2115 445444
359 2051 405 2115 4441
420 2053 552 2137 aegrius
568 2062 620 2116 est
635 2073 734 2138 quam
748 2073 804 2115 455
819 2072 994 2114 secernere
1010 2063 1144 2135 apertas

270 2167 312 2231 ab
328 2164 455 2242 dubiis,
467 2167 594 2230 5444444445
611 2188 694 2252 quas
709 2166 752 2230 ab
767 2187 803 2230 se
819 2167 974 2250 protinus
989 2164 1096 2229 addit.

310 2281 464 2366 Denique
479 2281 526 2344 nil
540 2282 617 2345 sciri
632 2283 736 2366 siquis
751 2287 865 2367 putat,
876 2278 914 2343 id'
928 2301 1062 2364 quoqne
1077 2281 1185 2342 nescit

196 2413 244 2459 445
266 2417 309 2460 an
324 2395 401 2459 sciri
415 2397 540 2481 possit,
552 2397 707 2480 quoniam
722 2396 766 2458 nil
783 2397 868 2459 scire
883 2394 1021 2458 fatetur.

268 2509 359 2573 hunc
372 2509 473 2594 igitur
489 2519 607 2574 contra
621 2510 746 2572 mittam
762 2507 966 2572 contendere
982 2531 1128 2577 causam,

268 2624 324 2707 qui
340 2623 448 2707 capite
462 2623 535 2710 ipse
551 2624 659 2687 suain
674 2623 790 2686 statuit
805 2624 945 2708 vestigia
960 2645 1048 2687 sese.

267 2745 425 2801 ettamen
441 2737 506 2800 hoc
523 2759 657 2822 qnoque
672 2737 720 2800 nti
736 2735 916 2799 concedam
933 2739 1018 2802 scire
1028 2785 1036 2806 ,
1048 2748 1084 2801 at
1098 2738 1131 2802 id
1147 2740 1254 2823 ipsum

267 2872 442 2938 quaeram,
454 2873 528 2915 cum
543 2852 576 2915 in
591 2853 692 2916 rebus
707 2853 777 2916 veri
793 2851 837 2915 nil
852 2851 974 2915 viderit
988 2861 1081 2922 ante.

194 2981 243 3028 475
264 2964 355 3029 4444415
370 2967 455 3030 55454
470 2966 550 3053 quid
566 2967 608 3031 sit
624 2968 708 3031 scira
725 2977 759 3030 et
774 2969 901 3031 nescire
918 2967 1078 3034 4454554444.

266 3081 418 3146 notitiam
433 3083 503 3147 veri
520 3104 605 3169 quae
620 3105 674 3147 res
689 3083 829 3169 falsique
846 3085 984 3153 crearit,

265 3206 299 3261 et
314 3195 450 3261 dubium
466 3209 559 3263 certo
575 3220 731 3284 quaeres
747 3197 879 3261 differre
895 3199 1061 3284 probarit.

263 3311 413 3374 invenies
428 3313 540 3396 primis
556 3315 598 3375 ab
614 3313 767 3377 sensibus
783 3333 855 3375 5555
871 3321 1017 3375 creatam

263 3424 413 3488 notitiem
428 3427 499 3488 veri
510 3475 517 3500 ,
527 3447 637 3509 neque
653 3446 772 3488 sensus
787 3417 889 3511 posse
904 3425 1024 3490 refelli.

191 3553 240 3599 455
262 3558 339 3601 445444
353 3541 477 3602 maiore
491 3538 557 3603 fide
573 3538 675 3603 debet
688 3540 865 3626 reperirier
878 3539 976 3616 illud,

263 3662 384 3740 sponte
400 3675 460 3717 sua
474 3655 562 3718 veris
578 3653 671 3740 quod
685 3655 794 3740 possit
808 3656 941 3719 vincere
955 3655 1055 3719 falsa:

262 3765 343 3851 qnid
358 3768 482 3831 maiore
497 3767 562 3832 fide
578 3792 680 3856 porro
696 3791 794 3856 quam
811 3791 929 3835 sensus
943 3771 1060 3836 baberi

262 3879 387 3945 debet?
400 3903 442 3946 an
457 3886 499 3948 ab
515 3907 615 3950 sensu
629 3885 716 3950 falso
731 3885 816 3950 ratio
832 3895 907 3950 orta
921 3887 1046 3951 valebit

260 3994 371 4060 dicere
387 4019 445 4062 eos
461 4010 595 4077 contra,
608 4023 694 4086 quae
709 4009 783 4066 tota
797 4003 839 4064 ab
855 4003 1006 4066 sensibus
1023 4001 1189 4065 ortaest?

188 4126 236 4172 455
260 4112 316 4197 qui
329 4113 393 4177 nisi
408 4123 487 4179 sunt
500 4117 586 4191 veri,
599 4117 684 4181 ratio
700 4137 835 4202 quoque
850 4116 933 4180 falsa
947 4117 984 4181 fit
999 4118 1117 4181 omnia.

258 4399 308 4444 456
328 4393 447 4446 videntur
466 4397 475 4462 Η
495 4401 544 4446 tou
562 4398 671 4448 montis.
700 4401 709 4461 Η
738 4397 925 4449 4624444455415
952 4399 961 4464 Η
993 4404 1039 4450 474
1062 4399 1167 4451 5444444444
1196 4399 1205 4465 14
1234 4405 1282 4451 472
1302 4417 1355 4452 suo
1382 4405 1392 4466 44

258 4481 306 4526 475
327 4476 465 4528 vicissem.
494 4479 503 4544 Η
531 4485 580 4531 449
599 4497 679 4532 5544544
