2970 5268
647 387 710 454 llll

117 580 250 643 namque
269 580 389 622 omnes
404 559 600 644 plerumque
615 557 741 622 cadunt
755 561 788 622 in
803 559 940 634 volum,
953 567 987 624 et
999 561 1087 626 illam

85 690 104 727 a·
115 674 222 735 emicat
236 674 275 735 in
293 680 423 758 partem
438 673 573 758 sanguis
584 722 591 748 ‚
601 672 691 736 unde
706 673 821 737 icimur
836 673 919 746 ictu,

117 800 144 848 et
156 787 183 848 si
198 788 392 852 comminus
408 795 475 862 est,
485 787 618 852 hostem
633 787 734 851 ruber
749 795 894 871 occupat
907 809 1019 851 umor.

114 901 272 986 sicigitur
287 901 432 993 Veneris
448 902 505 986 qui
519 902 594 965 telis
609 901 846 986 accipientes,

115 1013 174 1075 sive
188 1036 280 1100 puer
296 1016 450 1079 membris
465 1016 678 1080 muliebribus
694 1015 782 1078 hunc
797 1014 960 1078 iaculatur

115 1148 164 1189 seu
177 1129 304 1192 mulier
319 1137 391 1193 toto
406 1131 533 1194 iactans
550 1152 567 1193 e
584 1152 725 1214 corpore
740 1150 900 1202 amorem,

81 1257 103 1296 u
114 1241 194 1304 unde
209 1243 354 1319 feritur,
367 1265 407 1308 eo
421 1242 546 1320 tendit,
558 1246 726 1330 gestitque
742 1244 831 1308 coire

117 1365 144 1418 et
155 1358 269 1421 iacere
285 1379 434 1422 umorem
448 1359 481 1422 in
497 1379 619 1444 corpus
636 1359 678 1422 de
695 1379 837 1445 corpore
853 1357 1005 1422 ductum:

116 1491 252 1554 namque
269 1473 480 1558 voluptatem
493 1475 664 1558 praesagit
677 1482 769 1538 muta
783 1471 921 1558 cupido.

150 1584 245 1650 Haec
262 1586 382 1651 Venus
397 1595 450 1652 est
462 1588 559 1652 nobis
569 1611 576 1650 ε
587 1587 665 1652 hino
681 1595 824 1652 autemst
837 1609 966 1650 momen
981 1591 1118 1666 amoris,

118 1697 185 1761 binc
197 1701 317 1765 illaec.
328 1702 467 1787 primum
483 1701 625 1765 Veneris
642 1701 827 1766 dulcedinis
842 1703 875 1764 in
890 1723 949 1764 cor

85 1825 106 1860 ἢ]
118 1813 249 1878 stillavit
264 1823 379 1902 gutta,
392 1825 426 1880 et
439 1817 601 1880 successit
615 1815 737 1902 frigida
751 1837 845 1881 cura:

119 1947 184 1989 uam
199 1930 228 1992 si
244 1933 346 1994 abest
361 1929 453 2016 quod
469 1951 549 1994 aves
559 1981 565 2005 ‚
577 1942 692 2016 presto
708 1931 884 1996 simulacra
897 1939 1008 1996 tamen
1023 1943 1102 1997 sunt

119 2039 195 2106 illius
211 2051 248 2108 et
262 2065 385 2108 nomen
401 2044 497 2108 dulce
512 2046 711 2110 obversatur
726 2045 771 2109 ad
785 2046 889 2109 auris.

121 2155 173 2218 sed
186 2157 334 2245 firgitare
349 2157 448 2224 decet
462 2160 637 2224 simulacra
652 2169 686 2224 et
701 2160 824 2245 pabula
838 2161 959 2224 amoris

121 2271 305 2338 absterrere
320 2274 382 2338 sibi
398 2283 499 2360 atque
514 2275 578 2338 alio
595 2282 792 2338 convertere
808 2281 950 2338 mentem

80 2393 109 2438 rb
121 2391 149 2445 et
160 2384 270 2452 iacere
285 2411 432 2452 umorem
448 2389 635 2453 conlectum
649 2390 683 2452 in
698 2408 842 2476 corpora
857 2409 1026 2474 quaeque,

122 2505 353 2576 uectatione,
366 2504 467 2567 semel
481 2525 680 2568 conversum
694 2505 791 2567 unius
807 2525 936 2574 amore,

124 2621 151 2675 et
164 2637 299 2682 servare
314 2617 376 2682 sibi
392 2638 504 2681 curam
519 2626 713 2703 certumque
729 2618 895 2682 dolorem:

125 2725 208 2794 ulcus
224 2732 311 2796 enim
325 2733 467 2796 vivescit
482 2740 515 2796 et
527 2734 742 2797 inveterascit
757 2732 892 2808 alendo,

124 2840 215 2928 inque
231 2847 305 2912 dies
319 2847 429 2932 gliscit
443 2845 536 2911 furor
551 2855 653 2932 atque
669 2867 805 2911 erumna
819 2848 1001 2930 gravescit,

80 2961 115 3010 *lu
126 2955 148 3016 si
161 2979 225 3023 non
242 2962 349 3047 prima
362 2963 457 3025 novis
474 2963 654 3025 conturbes
669 2960 807 3024 volnera
820 2960 927 3043 plagis

125 3071 358 3162 volgivagaque
372 3096 478 3162 vagus
493 3075 627 3139 Venere
643 3082 721 3178 ante
735 3072 880 3136 recentia
896 3093 992 3135 cures

126 3193 176 3249 aut
188 3189 255 3254 alio
270 3191 381 3276 possis
395 3189 493 3254 animi
507 3190 685 3255 traducere
699 3195 824 3252 mutue.

161 3300 230 3368 Neo
245 3303 388 3368 Veneris
402 3304 512 3368 fructu
530 3313 622 3369 caret
636 3305 664 3367 is
680 3304 737 3388 qui
750 3303 837 3366 vitat
851 3322 1010 3376 amorem,

129 3413 181 3478 sed
195 3418 307 3502 potius
323 3440 408 3504 quae
423 3428 502 3483 suut
517 3420 587 3482 sine
601 3441 711 3504 poena
727 3415 903 3482 commoda
917 3417 1030 3481 sumit:

81 3530 118 3580 ¹³³5
128 3546 191 3594 nam
207 3540 299 3596 certe
312 3542 432 3619 purast
447 3534 537 3597 sanis
552 3533 747 3619 magisinde
761 3533 917 3616 voluptas

130 3660 215 3724 quam
232 3649 376 3712 miseris.
389 3649 506 3711 etenim
522 3647 676 3734 potiundi
691 3656 840 3733 tempore
854 3647 989 3731 inipso·

133 3753 259 3826 fluctuat
272 3763 407 3826 incertis
419 3763 591 3826 ‘erroribus
606 3761 707 3825 ardor
722 3770 904 3834 amantum,

133 3889 185 3936 uec
198 3883 331 3942 constat
346 3875 427 3962 quid
442 3878 582 3963 primum
598 3877 701 3940 oculis
717 3877 935 3959 manibusque
949 3873 1116 3939 fruantur.

133 3989 214 4066 quod
228 3991 370 4075 petiere,
382 3999 538 4076 premunt
552 4001 623 4056 arte
633 4039 640 4066 ‚
652 3990 845 4075 faciuntque
861 3989 1010 4053 dolorem

148 4168 323 4185 χ*

140 4267 193 4396 {2⁵⁸
209 4289 305 4326 ¹¹⁰¹¹¹⁶¹l
333 4275 343 4338 ll
374 4279 437 4327 ¹⁰59
456 4273 500 4327 5¹¹0
523 4275 532 4342 ll
559 4283 618 4328 1061
642 4275 738 4330 Namst
758 4277 768 4343 ll
787 4292 858 4328 ames
877 4277 887 4344 ll
908 4281 971 4331 1065
990 4278 1137 4330 coniectum
1156 4275 1166 4340 ll
1189 4277 1250 4325 1068

152 4359 209 4405 urus
