2972 5188
639 407 688 494 'v
1154 429 1257 498 295·

113 603 261 678 caerulo,
283 602 417 668 neudum
436 603 560 688 Cognito
580 612 736 680 terrenae,
754 612 927 688 poutouque
946 603 1063 668 intrare
1083 615 1223 689 teegoret,

112 702 167 764 Ad
179 700 312 786 puppim
331 721 440 764 sacrae
460 699 579 764 cuturn
593 700 725 764 eliciente
739 701 866 764 cecinna
879 700 1054 764 Adductum
1068 711 1160 766 contu
1174 725 1223 766 oe-

109 801 156 864 nit
170 819 276 862 mare.
298 798 356 864 ubi
370 797 405 860 in
419 796 514 861 libris
530 803 582 860 est
590 807 744 882 potatoque
758 798 874 862 intrare
887 808 1048 882 negarent.

194 895 265 962 509.
286 895 481 962 Mortuos
502 915 738 960 nsrnonon.
762 893 856 974 Quae
870 894 962 958 hunc
975 916 1111 962 versum
1125 915 1222 980 prae-

110 992 255 1068 cedunt,
276 993 315 1058 iis
338 993 498 1058 contiuuo
521 991 752 1058 subiciendum
775 1000 827 1058 cst
846 993 1002 1078 Tere-nque
1022 1005 1056 1058 ut
1075 995 1108 1057 in
1121 993 1223 1058 media

110 1099 147 1155 ot
161 1098 274 1155 cetera
289 1091 366 1166 534,
388 1113 498 1176 neque
514 1091 598 1156 haec
615 1090 657 1156 de
672 1092 819 1156 motibus
834 1098 1003 1156 astrorum
1016 1096 1120 1174 poeta
1134 1089 1224 1155 infra

109 1210 214 1254 versu
224 1189 286 1254 774
297 1198 332 1256 et
342 1189 505 1275 proximis
518 1198 772 1254 commemorat.
786 1188 900 1275 itaque
916 1193 1060 1274 apparet
1071 1186 1126 1251 hio
1138 1209 1221 1272 quo·

107 1287 224 1371 quein
239 1287 375 1354 schedis
391 1287 544 1352 carminis
560 1285 782 1370 disponendis
797 1308 818 1350 a
831 1287 940 1371 primo
956 1284 1104 1360 editore,
1121 1303 1221 1370 quem

110 1383 151 1463 Q.
168 1383 364 1452 Ciceronem
385 1385 490 1452 luisse
512 1386 727 1472 supradixi,
749 1397 927 1474 peccatum
949 1409 1041 1452 esse.
1063 1393 1223 1469 poterant

109 1489 222 1546 autem
237 1481 322 1548 haec
337 1483 438 1568 paulo
455 1485 568 1570 aptius
581 1491 663 1570 post
676 1507 810 1550 versum
826 1486 886 1551 503
902 1485 1078 1552 collocari.

193 1579 263 1644 513.
284 1579 384 1645 Inus
411 1603 541 1646 strum
569 1603 698 1644 surus
725 1603 880 1646 unusne
909 1605 1043 1658 Arnus
1073 1603 1221 1646 rursu·

108 1699 211 1742 unns
233 1701 390 1744 consu.
406 1678 470 1744 Hic
485 1685 542 1744 aer
557 1701 616 1766 quo
631 1679 887 1764 iututdotnequc
899 1679 1129 1766 superioribus
1142 1699 1221 1744 con-

110 1775 238 1840 tinetur
253 1797 364 1862 neque
378 1777 419 1844 iis
434 1799 521 1863 quae
537 1784 714 1842 secuntur.
730 1798 807 1842 nam
819 1798 918 1842 versu
930 1777 1084 1862 proximo
1101 1796 1221 1840 naven-

111 1873 192 1938 dum
222 1883 275 1938 est
302 1895 343 1938 ne
372 1873 456 1940 illud
482 1876 548 1956 Qteo
570 1873 753 1940 referamus
776 1874 821 1938 ad
842 1876 964 1953 eodem,
990 1874 1057 1954 Quo
1078 1875 1222 1938 ooloutdu

109 1973 224 2038 enienut
233 1974 350 2037 eeteem
358 1973 462 2038 eidem
472 1975 579 2038 tuendi
587 1999 597 2036 .·
612 1994 721 2058 neque
738 1974 825 2038 enim
837 1971 950 2038 sidera
960 1995 1019 2060 quo
1032 1980 1066 2035 et
1076 1972 1111 2034 in
1123 1991 1222 2056 quem

107 2068 220 2134 locum
235 2069 416 2133 volvantur
431 2070 544 2136 dicere
555 2072 757 2156 poterimus,
774 2081 808 2135 et
823 2091 863 2135 eo
880 2091 981 2135 versu
996 2068 1152 2136 absoluta
1167 2074 1221 2132 ae·
1270 2123 1272 2130 t

106 2189 183 2230 rum
198 2168 410 2252 expositione
425 2190 511 2254 opus
526 2177 579 2234 est
594 2168 639 2232 ad
654 2166 866 2233 efficiendum
880 2167 916 2232 id
932 2165 1025 2254 quod
1040 2167 1221 2252 quaeritur,

107 2266 239 2330 scilicet
252 2289 287 2329 eo
301 2266 372 2330 fieri
387 2274 426 2330 ut
440 2267 553 2331 sidera
567 2267 764 2332 volvantur.
786 2266 855 2332 hoc
868 2275 979 2332 autem
996 2287 1097 2330 versu
1111 2263 1171 2330 514
1187 2264 1222 2328 in

106 2363 185 2428 loco
200 2383 263 2428 suo
278 2365 451 2448 reposito,
466 2363 533 2428 hoc
546 2373 600 2428 est
613 2371 694 2449 post
708 2363 788 2438 516,
804 2372 948 2450 apparet
961 2361 1051 2428 illum
1069 2360 1221 2447 superio·

107 2481 180 2524 rem
195 2466 306 2526 aerem
321 2463 474 2526 mentm
495 2483 682 2526 nronsou
702 2469 738 2526 et
759 2461 939 2546 sphaeram
960 2461 1049 2524 illam
1065 2459 1148 2526 caeli
1163 2459 1220 2524 de-

109 2558 273 2644 primere:
295 2559 382 2624 alter
403 2560 509 2634 enim,
532 2559 590 2644 qui
611 2557 730 2626 subter
751 2568 822 2636 est,
845 2559 988 2625 eundem
1004 2557 1088 2623 caeli
1103 2559 1221 2623 orbem

107 2659 268 2722 subvehere
284 2667 317 2722 et
330 2657 364 2723 in
380 2658 483 2722 altum
500 2657 617 2724 tollere
634 2657 774 2724 dicitur.

190 2757 354 2841 515555
376 2779 501 2822 aurun
524 2780 694 2832 sununs,
711 2779 870 2824 courel
894 2779 985 2834 ouis
1007 2775 1222 2820 sunvsnxr

110 2877 184 2919 orn
193 2878 212 2918 s
221 2877 244 2918 u
258 2903 264 2916 .
279 2854 434 2918 Andreas
446 2854 636 2940 Naugerius
650 2858 815 2920 dotalium
833 2868 866 2918 et
881 2857 936 2940 qui
949 2853 1106 2933 attentat,
1123 2873 1221 2938 quem

107 2953 213 3016 ceteri
227 2960 403 3016 secuntur.
427 2951 619 3016 debuerunt
632 2953 757 3036 ingrati
770 2952 926 3016 homines
940 2959 1114 3014 auctorem
1130 2950 1218 3032 opti·
1280 3025 1284 3036 ¹

107 3070 197 3114 mum
211 3047 351 3112 laudare
367 3048 528 3132 primum,
550 3046 674 3111 deinde
690 3049 732 3110 ab
749 3069 789 3111 eo
806 3048 960 3130 accipere
981 3069 1070 3122 oui:
1093 3045 1155 3108 sed
1176 3059 1223 3110 est

109 3145 346 3212 coniunctione
361 3143 554 3209 Lucretium
576 3165 673 3212 usum
693 3167 761 3208 non
782 3166 857 3210 csse
880 3144 933 3208 his
949 3144 1046 3208 annis
1060 3127 1221 3208 trecentis

107 3241 259 3327 intellegi
270 3242 397 3327 potuit.
413 3263 522 3326 neque
534 3258 575 3343 ep
587 3243 778 3308 coniunctio
789 3243 868 3308 huic
879 3242 955 3307 loco
968 3241 1222 3306 accommodata

108 3351 179 3417 est,
190 3339 253 3406 sed
264 3361 338 3404 oum
349 3343 575 3424 praecesserit
589 3341 641 3408 Ea·
652 3353 779 3429 utroque
786 3345 872 3429 parti
884 3350 919 3406 et
931 3341 1007 3406 lade
1019 3343 1115 3408 olium
1125 3363 1222 3426 supro

99 3441 221 3531 fluere,
243 3437 436 3502 necessario
459 3441 554 3526 sequi
578 3439 682 3505 debet
703 3439 808 3506 Hinc
832 3449 891 3506 aut
914 3449 1005 3505 certe
1027 3441 1103 3506 latete
1125 3439 1221 3503 otium

106 3549 226 3625 supter.
248 3537 283 3600 in
307 3536 374 3600 boc
394 3558 517 3624 genere
532 3539 625 3634 nulla
638 3537 827 3604 litterarum
841 3537 1065 3604 similitudinis
1080 3544 1115 3600 et
1129 3545 1219 3602 cete·

107 3657 220 3702 rorum
232 3634 465 3714 artificiorum,
477 3637 512 3701 in
524 3635 645 3722 quibus
657 3637 720 3703 sibi
731 3636 884 3723 plerique
897 3619 1048 3722 placent,
1060 3635 1220 3702 habenda

109 3736 195 3800 ratio
213 3742 284 3809 est,
306 3755 417 3818 neque
432 3724 541 3799 dicam
556 3759 622 3800 nur
638 3757 680 3798 ex
695 3759 770 3812 mo,
792 3735 886 3821 quod
907 3734 1095 3820 quadratus
1114 3733 1220 3797 habet

107 3855 211 3920 supra
226 3854 326 3898 versu
341 3832 419 3908 285,
435 3831 565 3898 facilius
581 3855 681 3919 quam
697 3856 739 3898 ex
755 3857 835 3898 nmo
853 3834 934 3898 oriri
951 3832 1119 3916 potuisse.

190 3931 260 3996 516.
283 3930 339 3998 Ur
369 3953 545 3997 ruuvrns
567 3953 750 3996 vsnsuns
779 3953 928 3995 nouus.
951 3929 1052 4014 Apud
1075 3928 1219 3994 Nonium

107 4029 334 4115 p.l3,81eote
356 4031 395 4094 Ut
416 4053 610 4106 rnuvros,
634 4028 724 4116 apnd
746 4028 913 4094 Isidorum
935 4019 1099 4115 originum
1115 4051 1170 4103 xx,
1183 4029 1218 4092 15

110 4127 270 4216 lnfluoio.
293 4127 354 4192 sed
374 4129 409 4192 in
425 4129 543 4196 eodem
558 4151 660 4194 versu
675 4127 776 4192 iidem
790 4148 864 4192 oum
879 4127 1080 4192 membranis
1094 4128 1219 4192 nostris

107 4236 230 4300 neutro,
245 4247 313 4288 non
328 4227 470 4294 trustra.
484 4239 587 4294 uentus
600 4225 690 4292 infra
700 4227 735 4292 in
746 4226 813 4291 hoo
825 4225 910 4292 libro
926 4225 1005 4290 1069
1017 4225 1218 4311 quadratus,

107 4325 214 4390 aurire
228 4325 263 4388 in
278 4325 352 4400 1v‚3
368 4327 554 4412 oblongus,
576 4325 666 4390 idem
681 4325 800 4390 enotuit
813 4325 847 4388 in
863 4347 906 4398 vr,
920 4323 1017 4396 1140,
1040 4324 1123 4388 nutrit
1136 4341 1218 4404 ‹jua-

107 4421 229 4488 dratns
243 4423 278 4488 in
293 4445 339 4499 vr,
352 4424 406 4488 141
419 4473 424 4488 .
