2970 5268
255 342 322 410 136
785 345 849 413 llll

251 526 304 581 est
317 517 448 603 aliquae
462 527 500 582 ut
514 541 672 606 serpens,
683 521 828 586 hominis
843 541 929 605 quae
944 528 1036 586 taeta
1049 521 1162 586 salivis

251 631 392 719 disperit
407 655 446 696 ac
461 655 535 698 sese
550 633 739 700 mandendo
755 635 889 700 conficit
902 637 991 722 ipsa.

178 762 228 809 646
249 757 425 832 praeterea
438 749 535 813 nobis
550 758 717 815 veratrum
734 762 785 815 est
800 773 876 816 acre
890 772 1069 824 venenum,

251 870 287 926 at
301 864 410 950 capris
426 863 544 950 adipes
559 879 593 930 et
608 867 834 931 coturnicibus
849 875 964 951 auget.

251 984 290 1041 ut
304 978 425 1063 quibus
439 978 475 1041 id
488 980 548 1043 fiat
561 981 662 1044 rebus
677 1001 882 1065 cognoscere
897 980 1021 1064 possis,

251 1092 414 1180 principio
429 1095 616 1158 meminisse
631 1093 730 1158 decet
745 1115 831 1180 quae
847 1092 988 1158 diximus
1004 1104 1096 1168 aute,

251 1207 376 1272 semina
388 1208 591 1273 multimodis
606 1210 638 1272 in
654 1210 754 1274 rebus
768 1210 874 1273 mixta
889 1209 1011 1272 teneri.

179 1337 228 1383 646
250 1343 353 1409 porro
370 1344 486 1387 ornnes
502 1345 588 1409 quae
604 1345 745 1410 eumque
760 1326 868 1390 eibum
885 1325 1021 1412 capiunt
1035 1324 1233 1394 animantes.

179 1492 182 1498 ,
252 1445 291 1501 ut
304 1446 383 1501 sunt
398 1437 572 1504 dissimiles
589 1440 795 1503 extrinsecus
813 1448 846 1503 et
860 1438 1041 1525 generatim

253 1552 375 1616 extima
389 1555 610 1617 membrorum
626 1555 746 1618 circum
764 1575 903 1618 caesura
917 1559 1067 1622 coercet.

251 1665 394 1750 proinde
410 1689 450 1730 ex
466 1669 643 1732 seminibus
659 1655 816 1734 constant
830 1669 979 1731 variante
993 1667 1113 1754 figura.

252 1781 377 1844 semina
392 1803 466 1846 curn
480 1805 583 1868 porro
600 1783 742 1860 distent,
756 1783 888 1846 differre
903 1791 1076 1846 necessest

181 1911 230 1956 666
251 1895 428 1960 intervalla
441 1898 595 1983 viasque,
606 1899 768 1962 foramina
784 1917 870 1984 quae
885 1895 1112 1982 perhibemus,

255 2011 406 2075 omnibus
420 2013 454 2076 in
468 2014 625 2077 membris
640 2027 674 2078 et
687 2014 721 2077 in
736 2034 795 2076 ore
810 2013 951 2098 ipsoque
967 2012 1095 2098 palato:

256 2146 332 2189 esse
346 2127 476 2192 minora
488 2129 588 2214 igitur
603 2127 769 2214 quaedam
783 2128 976 2211 maioraque
992 2125 1134 2200 debent,

256 2261 330 2304 esse
345 2242 511 2327 triquetra
524 2243 613 2319 aliis,
625 2244 697 2306 aliis
713 2241 880 2328 quadrata
894 2250 1081 2316 necessest,

254 2355 358 2419 multa
372 2355 534 2433 rutunda,
546 2355 655 2420 modis
669 2357 781 2421 multis
796 2355 1002 2442 multangula
1016 2354 1195 2440 quaedam.

89 2487 95 2512 ¹
183 2486 231 2533 666
254 2491 397 2556 namque
411 2471 590 2556 figurarum
604 2472 688 2534 ratio
705 2479 743 2534 ut
757 2481 935 2554 motusque
950 2479 1152 2557 reposcunt,

255 2583 397 2670 proinde
411 2583 627 2651 foraminibus
643 2585 767 2649 debent
782 2584 914 2648 differre
930 2585 1074 2670 figurae,

256 2706 290 2762 et
304 2699 433 2762 variare
448 2701 522 2764 viae
537 2699 678 2788 proinde
694 2721 733 2764 ae
749 2707 884 2763 textura
898 2705 1049 2763 coercet.
1105 2731 1108 2736 ·

255 2812 323 2877 hoe
338 2813 394 2879 ubi
409 2814 500 2899 quod
516 2836 618 2879 suave
634 2824 686 2879 est
700 2814 771 2878 aliis
786 2812 860 2877 aliis
873 2812 911 2877 fit
926 2835 1087 2889 amarum,

253 2928 318 3003 illi,
331 2929 383 2994 cui
398 2951 501 2994 suave
517 2939 586 3004 est,
599 2930 766 2994 levissima
780 2951 926 3016 corpora
940 2928 1066 2993 debent

188 3061 237 3107 666
260 3045 543 3110 contractabiliter
558 3046 670 3112 caulas
684 3048 809 3110 intrare
826 3045 943 3131 palati,

257 3170 294 3225 at
308 3171 427 3225 contra
442 3163 562 3246 quibus
578 3171 630 3225 est
643 3162 759 3226 eadem
774 3183 829 3226 res
845 3161 934 3224 intus
950 3159 1085 3232 acerba,

257 3296 395 3361 aspera,
406 3276 439 3338 ni
455 3277 587 3349 mirum,
600 3284 777 3360 penetrant
790 3274 991 3356 hamataque
1006 3272 1138 3335 fauces.

185 3405 232 3451 671
256 3399 398 3476 utraque
414 3391 500 3454 enim
514 3398 592 3453 sunt
606 3390 639 3451 in
653 3387 758 3451 mellis
774 3387 953 3450 commixta
968 3406 1105 3470 sapore;

256 3503 292 3570 id
307 3503 477 3590 quodiam
492 3524 615 3590 supera
629 3503 688 3566 tibi
703 3521 804 3586 saepe
819 3499 1025 3563 ostendimus
1042 3509 1133 3564 ante.

186 3636 235 3682 666
257 3639 345 3682 nunc
360 3617 456 3682 facile
472 3625 524 3681 est
539 3638 581 3680 ex
595 3618 648 3682 his
662 3618 762 3682 rebus
779 3635 983 3701 cognoscere
999 3637 1168 3702 quaeque:

259 3733 382 3819 quippe
392 3782 400 3808 ‚
411 3733 466 3797 ubi
483 3731 535 3796 cui
549 3731 651 3797 febris
666 3733 723 3797 bili
738 3739 924 3818 superante
935 3740 1054 3795 coorta
1068 3738 1120 3794 est

187 3865 236 3911 666
259 3861 317 3912 aut
331 3847 396 3912 alia
410 3846 540 3911 ratione
555 3847 701 3933 aliquast
715 3848 765 3911 vis
781 3847 892 3910 exeita
906 3846 1029 3919 morbi,

260 3964 475 4050 perturbatur
489 3962 534 4027 ibi
546 3963 610 4026 iam
627 3971 732 4028 totum
748 3983 870 4049 corpus
881 4010 889 4036 ‚
901 3970 936 4024 et
951 3979 1065 4025 omnes

262 4151 367 4158 *-
377 4153 385 4158 -
409 4153 462 4158 ----

263 4251 313 4297 638
331 4248 417 4316 itaquo
444 4243 454 4312 ll
482 4249 530 4297 641
550 4247 746 4299 cocturnicibus
773 4247 783 4312 ll
811 4243 910 4308 64216
934 4247 943 4312 ll
968 4251 997 4296 ut
1025 4243 1034 4312 ΙΙ
1061 4249 1111 4294 648
1129 4250 1157 4296 ct
1173 4241 1184 4309 ΙΙ
1209 4242 1356 4312 variantque
1373 4243 1382 4306 ll

264 4335 313 4381 659
331 4343 444 4398 corpore
465 4327 474 4393 Η
494 4333 543 4381 666
562 4327 660 4382 calidas
682 4329 757 4396 14662
776 4329 907 4382 cimorum
