2970 5268
621 493 671 562 ill

96 693 148 736 nec
161 669 262 735 refert
275 677 388 734 utrum
403 675 521 756 pereat
535 667 690 753 dispersa
703 689 765 754 per
779 689 879 733 auras

44 807 79 848 555
96 809 132 850 an
144 791 314 850 contracta
328 784 397 848 suis
413 804 431 846 e
445 783 597 868 partibus
613 784 845 859 obmutescat,

98 899 217 986 quando
232 898 399 965 hominem
412 907 521 962 totum
535 897 640 984 magis
655 919 695 962 ac
709 899 813 983 magis
827 898 976 985 undique
990 921 1109 966 sensus

98 1015 195 1079 deficit
209 1023 241 1078 et
256 1015 345 1078 vitae
361 1014 467 1077 minus
482 1021 516 1076 et
530 1013 637 1076 minus
652 1011 801 1098 undique
817 1023 937 1079 restet.
1163 993 1169 1002 Ι

131 1129 171 1193 Et
184 1128 341 1214 quoniam
356 1150 449 1192 mens
465 1138 517 1192 555
530 1126 673 1191 hominis
688 1149 769 1215 pars
783 1150 866 1203 una,
878 1128 952 1193 loco
968 1152 1054 1214 quae

99 1244 154 1308 lixa
166 1251 274 1308 manet
288 1251 383 1308 certo
393 1289 402 1318 ‚
413 1243 467 1307 vel
481 1251 519 1306 ut
534 1263 631 1307 aures
646 1251 748 1329 etque
764 1243 851 1308 oculi
866 1255 946 1308 sunt

44 1375 83 1418 555
102 1367 188 1444 etque
203 1359 256 1423 alii
272 1379 391 1422 sensus
408 1357 464 1443 qui
478 1357 581 1422 vitam
591 1341 737 1443 cumque
751 1358 953 1443 gubernent,

101 1483 128 1536 55
139 1474 187 1537 vel
201 1473 249 1537 uti
263 1493 383 1538 manus
397 1481 456 1536 aut
469 1471 586 1537 5551555
601 1493 742 1538 naresve
757 1493 908 1538 seorsum

101 1599 215 1652 secreta
229 1589 271 1653 ab
286 1587 384 1651 nobis
399 1595 571 1672 nequeunt
585 1581 708 1652 sc'ntire
722 1609 833 1673 neque
848 1609 938 1652 esse.

101 1699 152 1764 sed
165 1711 274 1766 tamen
288 1702 322 1766 in
336 1723 443 1789 parvo
458 1703 626 1766 lincuntur
640 1711 789 1787 tempore
806 1702 889 1776 tabi,

100 1816 140 1880 sic
153 1818 275 1881 animus
290 1838 352 1902 per
366 1837 403 1880 se
418 1839 486 1880 non
501 1818 574 1903 quit
587 1817 658 1881 sine
674 1838 815 1902 corpore
831 1827 864 1881 et
876 1819 951 1904 ipso

47 1947 80 1990 555
99 1951 163 1994 5555
176 1929 307 1996 homine
317 1979 325 2006 ,
335 1931 422 1996 illius
437 1933 533 2017 qussi
548 1930 642 2018 quod
654 1952 715 1997 vas
731 1953 805 1996 esse
818 1930 965 2006 videtur,

101 2045 162 2109 sire
176 2044 265 2109 aliud
281 2044 428 2131 quidvis
442 2048 555 2132 potius
570 2047 779 2112 coniunctius
795 2047 824 2110 ei

98 2159 209 2245 lingere
219 2209 226 2234 ‚
238 2159 512 2247 quandoquidem
527 2182 657 2226 conexu
673 2183 797 2248 corpus
812 2161 974 2227 adhaeret

99 2273 230 2360 denique
240 2324 248 2350 ,
259 2278 411 2364 corporis
426 2286 528 2362 atque
543 2277 641 2340 aninri
656 2277 768 2341 vivata
781 2285 934 2363 potestas
971 2281 974 2288 '

97 2389 172 2454 inter
186 2411 222 2454 55
238 2392 418 2456 coniuncta
430 2391 545 2456 valent
558 2393 693 2476 viteque
706 2390 877 2456 fruuntur:

47 2517 79 2562 555
96 2525 151 2568 555
164 2507 234 2570 sina
249 2527 393 2593 corpore
407 2506 493 2570 enim
510 2505 618 2570 vitalis
634 2505 734 2570 cdere
749 2515 859 2570 motus

98 2618 162 2684 sola
175 2629 288 2707 potest
302 2621 400 2685 animi
415 2643 476 2709 par
490 2643 526 2686 55
541 2623 661 2686 natura
675 2641 738 2686 ncc
753 2631 863 2686 autem

98 2755 218 2799 cassum
233 2735 343 2800 anima
357 2757 480 2821 corpus
496 2736 618 2802 durare
633 2745 667 2801 55
681 2739 835 2802 sensibus
849 2739 913 2802 uti.

98 2850 230 2924 scilicet,
243 2844 380 2916 avolsus
393 2849 563 2916 radicibus
576 2860 615 2916 ut
628 2853 746 2937 nequit
759 2853 858 2916 ullam

97 2961 252 3050 dispicere
265 2965 339 3051 ipsa
355 2965 471 3030 oculus
486 2987 555 3030 rem
571 2987 721 3030 seorsum
738 2988 881 3052 corpore
896 2976 985 3036 toto,

48 3087 80 3134 555
97 3078 137 3142 sio
150 3081 258 3144 anima
272 3087 374 3166 atquc
388 3081 516 3145 animus
531 3102 591 3164 per
606 3101 643 3143 55
656 3080 704 3142 nil
718 3100 820 3164 posse
835 3077 984 3141 videtur.

96 3194 252 3258 nimirum
262 3243 269 3272 ,
281 3196 360 3280 quia
373 3216 435 3280 per
450 3215 551 3258 venas
567 3203 601 3257 et
615 3194 746 3258 viscera
758 3191 899 3263 mixtim,

96 3328 149 3390 per
161 3331 286 3374 nervos
300 3319 403 3394 atque
419 3331 514 3383 ossa,
526 3315 683 3373 tenentur
697 3325 840 3390 corpore
854 3305 897 3367 ab
913 3306 1001 3369 omni

96 3443 150 3488 nec
164 3425 293 3510 magnis
306 3424 491 3489 intervallis
506 3421 689 3508 primordia
702 3428 848 3505 possunt

97 3534 192 3604 libera
206 3537 386 3604 dissultare
396 3589 404 3614 ‚
414 3537 491 3604 ideo
507 3537 665 3601 conclusa
680 3542 855 3600 moventur

48 3659 81 3706 tr
98 3654 270 3720 sensiferos
285 3663 413 3728 motus,
425 3674 512 3738 qnos
527 3661 624 3714 extra
639 3672 763 3736 corpus
776 3651 810 3714 in
825 3671 924 3715 auras

97 3743 173 3834 scits
188 3768 272 3834 haut
285 3775 430 3858 possunt
444 3774 677 3854 postmortem
693 3767 799 3830 eiecta
811 3767 938 3829 moveri

97 3893 269 3970 propterca
284 3884 362 3970 quia
376 3903 444 3948 non
460 3881 555 3946 simili
569 3881 699 3945 ratione
713 3889 886 3944 tenentur:

99 4015 213 4084 corpus
228 3999 314 4062 enim
329 4005 431 4082 atque
446 3998 596 4060 animans
611 3995 675 4058 crit
687 4001 745 4060 555
754 4043 762 4070 ,
772 3996 802 4060 si
816 3995 973 4061 cohibere

102 4197 292 4210 'Q—-a--.-

101 4314 143 4362 etr
159 4313 280 4386 disperse
297 4315 308 4382 55
328 4321 378 4366 545
398 4313 563 4367 5555555555.
590 4314 600 4383 15
621 4319 667 4365 551
688 4313 863 4382 5555511555
883 4311 1020 4382 linguntur
1038 4315 1048 4382 55
1066 4313 1124 4366 tali.
1143 4315 1152 4380 55
1172 4319 1221 4362 555

101 4391 222 4450 hominem
240 4399 251 4466 51
271 4413 350 4452 rasse
377 4399 387 4465 55
414 4403 463 4450 ott
482 4396 575 4450 oculus
594 4398 651 4467 ipse
680 4397 690 4463 55
718 4401 767 4448 566
786 4413 833 4466 per
852 4405 984 4450 ceniarum.
1005 4397 1015 4460 Ι5
1034 4396 1107 4448 mixti
1134 4397 1145 4463 15
1173 4401 1220 4445 571

104 4491 217 4536 morere.
236 4484 313 4551 11575
333 4482 445 4534 animam
464 4482 527 4533 serit

1001 4579 1020 4640 'r'
