2970 5268
262 467 307 536 96
755 441 851 536 '111

261 639 387 706 addere
403 641 488 706 enim
502 642 607 728 partis
622 649 679 706 aut
693 639 812 707 ordine
826 642 988 706 traiecere
1004 655 1152 709 aecumst

261 763 319 820 aut
333 755 457 839 aliquid
471 775 608 841 prosum
624 755 666 818 de
681 777 807 820 summa
821 755 999 821 detrahere
1014 758 1132 834 hilum,

190 845 238 933 515
261 877 463 934 commutare
478 870 619 934 animum
634 870 691 955 qui
706 891 847 955 cumque
861 870 1014 938 adoritur
1029 883 1063 938 et
1076 873 1149 937 infit

261 993 320 1050 aut
333 985 428 1049 aliam
443 985 593 1070 quamvis
607 993 758 1048 naturam
774 984 907 1050 flectere
923 989 1069 1070 quaerit.

262 1107 297 1163 at
310 1119 421 1186 neque
435 1099 608 1164 transferri
623 1099 685 1163 sibi
700 1101 806 1185 partis
819 1121 882 1164 neo
896 1101 998 1165 tribui
1012 1102 1086 1166 vult

260 1212 432 1279 inmortale
447 1212 539 1299 quod
554 1223 607 1278 est
621 1187 797 1298 quicquam
813 1236 922 1300 neque
936 1214 1084 1280 defluere
1097 1217 1216 1282 hilum:

263 1349 338 1392 nam
355 1327 449 1412 quod
464 1350 604 1413 cumque
619 1329 688 1392 suis
701 1335 864 1394 mutatum
877 1330 998 1396 finibus
1013 1333 1093 1406 exit,

190 1459 238 1506 520
260 1442 418 1507 continuo
433 1443 500 1508 hoo
514 1464 603 1506 mors
619 1449 671 1508 est
684 1443 770 1508 illius
784 1442 877 1528 quod
891 1444 955 1509 fuit
969 1453 1062 1510 ante.

260 1579 341 1644 ergo
357 1557 485 1621 animus
500 1557 569 1620 sive
584 1558 765 1643 aegrescit,
776 1559 928 1624 mortalia
942 1559 1037 1645 signa

259 1672 376 1747 mittit,
386 1672 434 1735 uti
450 1669 564 1745 docui,
577 1692 635 1735 seu
650 1671 794 1736 flectitur
808 1695 828 1736 a
841 1672 1016 1740 medicina.

260 1807 368 1870 usque
383 1785 469 1849 adeo
484 1785 586 1850 falsae
600 1786 723 1850 rationi
735 1808 817 1851 vera
830 1787 964 1852 videtur

258 1923 314 1965 res
328 1921 503 1964 occurrere
518 1907 553 1964 et
566 1900 718 1986 effugium
732 1900 950 1987 praecludere
965 1905 1069 1978 eunti,

189 2031 236 2076 525
260 2015 462 2100 ancipitique
475 2013 621 2078 refutatu
636 2015 833 2080 convincere
846 2016 980 2082 falsum.

301 2129 452 2214 Denique
467 2149 569 2214 saepe
582 2129 748 2194 hominem
762 2131 919 2218 paulatim
933 2133 1098 2196 cernimus
1112 2133 1160 2195 ire

260 2253 294 2308 et
306 2245 511 2310 membratim
524 2245 657 2309 vitalem
673 2244 860 2330 deperdere
875 2267 1024 2321 sensum3

258 2360 293 2422 in
305 2359 449 2445 pedibus
463 2359 603 2444 primum
620 2359 742 2446 digitos
757 2361 916 2425 livescere
931 2371 965 2424 et
977 2361 1113 2446 unguiS,

258 2473 337 2537 inde
351 2472 456 2558 pedes
472 2480 506 2535 et
519 2494 617 2536 crura
629 2475 731 2548 mori,
742 2483 822 2557 post
835 2473 913 2538 inde
927 2497 989 2562 per
1003 2483 1096 2540 artus
1128 2542 1134 2551 ,

186 2603 234 2648 550
255 2587 304 2649 ire
319 2587 402 2650 alios
418 2587 548 2650 tractim
562 2585 663 2670 gelidi
677 2587 818 2670 vestigia
830 2587 904 2651 leti.

259 2698 420 2764 scinditur
434 2721 541 2784 usque
557 2697 642 2762 adeo
656 2698 740 2762 haee
755 2701 911 2783 quoniam
924 2711 1043 2768 natura
1057 2725 1120 2768 nec
1135 2727 1202 2768 uno

258 2821 409 2899 tempore
424 2813 552 2876 sincera
567 2813 696 2892 existit,
708 2815 856 2878 mortalis
870 2815 1074 2884 habendast.

260 2926 352 3011 quod
367 2929 395 2992 si
409 2927 496 2992 forte
511 2911 611 3013 putas
625 2929 729 3012 ipsam
746 2950 782 2992 se
796 2950 898 3014 posse
912 2951 973 3015 per
987 2941 1081 2998 artus

256 3041 420 3108 introsum
433 3041 567 3107 trahere
583 3052 617 3107 et
631 3043 735 3130 p'artis
751 3043 940 3108 conducere
954 3046 988 3108 in
1003 3068 1103 3111 unum

185 3172 233 3217 535
256 3165 356 3243 atque
370 3157 447 3222 ideo
463 3158 592 3222 cunctis
607 3179 740 3222 sensum
756 3157 923 3222 deducere
937 3161 1107 3231 membris,

256 3279 292 3335 at
304 3271 399 3335 locus
412 3271 467 3334 ifle
483 3279 610 3347 tamen,
622 3293 688 3356 quo
704 3273 802 3357 copia
816 3281 910 3338 tanta
924 3275 1042 3338 animai

256 3385 402 3470 cogitur,
413 3385 447 3448 in
462 3405 563 3448 sensu
578 3384 681 3448 debet
694 3385 817 3448 maiore
832 3386 953 3464 videri3

256 3501 314 3586 qui
328 3491 484 3584 quoniam
497 3506 710 3582 nusquamst,
720 3499 754 3561 ni
768 3499 900 3576 mirum,
912 3509 950 3566 ut
964 3501 1106 3566 diximus
1121 3511 1214 3576 ante,

256 3613 414 3677 dilaniata
426 3612 519 3678 foras
535 3611 737 3699 dispargitur
746 3661 754 3686 ‚
764 3613 879 3679 interit
893 3637 990 3702 erge.

106 3789 111 3796 ,
183 3744 231 3790 540
255 3728 334 3813 quin
349 3729 446 3792 etiam
461 3727 490 3792 si
502 3727 567 3790 iam
581 3726 684 3791 libeat
698 3727 883 3793 concedere
897 3729 1030 3804 falsum,

255 3851 290 3906 et
303 3840 384 3906 dere
398 3863 500 3929 posse
515 3841 655 3905 animam
669 3840 844 3926 glomerari
857 3842 889 3906 in
906 3865 1049 3929 corpore
1064 3865 1192 3917 eorum,

254 3957 375 4020 lumina
389 3957 446 4040 qui
460 3956 587 4020 lincunt
600 3953 789 4020 moribundi
802 3957 1041 4040 particulatim,

255 4071 425 4135 mortalem
440 4077 549 4134 tamen
565 4091 639 4134 esse
653 4070 793 4134 animam
807 4069 934 4135 fateare
947 4091 1103 4146 necesse,

256 4259 441 4267 ..—-.------

256 4361 304 4407 522
323 4352 418 4406 deocui
443 4353 453 4419 tt
472 4355 519 4402 52³
538 4350 648 4402 rationis
671 4351 681 4417 {l
703 4357 751 4401 525
770 4347 899 4401 refutetur
923 4351 933 4418 {l
959 4355 1005 4402 551
1026 4357 1105 4420 atquo
1123 4353 1210 4406 animo
1234 4355 1244 4419 ΙΙ
1272 4359 1322 4406 535
1344 4329 1406 4409 ‹ii-¹

254 4438 351 4492 diicere
369 4439 379 4504 ll
398 4441 447 4487 5³8
465 4441 526 4486 ante
543 4439 675 4487 omasum.
