2972 5188
273 468 342 536 322
813 467 845 532 V

354 645 425 708 953.
441 661 662 706 scarsnnr.
685 639 755 702 959.
771 640 1090 705 sornsnur.1tali
1104 643 1287 728 utrobique
1303 665 1390 708 scr·

273 765 320 807 aa
331 766 351 805 u
361 765 398 804 r.
415 748 450 803 at
462 735 706 813 Wakefieldus,
723 743 857 822 postam
871 759 940 816 non
957 739 1090 822 patiens
1104 746 1173 804 tam
1190 761 1274 824 pure
1288 762 1390 825 quam

272 841 360 904 solet
374 837 484 922 loqui,
500 836 606 899 altero
622 834 698 900 loco
715 836 851 919 scripsit
865 837 1013 900 scierant.

355 933 425 998 962.
448 955 636 996 nuossnr
660 953 869 996 conronn.
892 931 1088 1012 Quadratus
1102 935 1236 998 lucebat.
1260 935 1341 1000 Itali
1357 953 1389 1000 et

273 1031 456 1099 Brixiensis
471 1029 583 1094 editor
598 1053 747 1092 ruscea
757 1053 823 1092 nr.

354 1129 849 1204 969.970.Snsr1orn1sonn
862 1150 989 1193 rnnrs
1002 1152 1388 1195 susnssrnvnsrsrs

272 1252 432 1296 nvsnrsns
461 1226 697 1290 Nuonssur
730 1247 910 1300 rennes,
943 1247 1163 1290 uocrnsuo
1195 1250 1387 1292 rrnronr

272 1323 708 1393 carr1.Hicomnia1nira
723 1333 819 1386 sunt.
834 1323 976 1408 primum
991 1323 1066 1387 Itali
1075 1372 1083 1404 ‚
1099 1345 1278 1390 neversus
1294 1326 1386 1391 laba·

270 1436 338 1499 ret,
354 1425 563 1509 scripserunt
577 1423 695 1486 eaba.
712 1429 747 1486 at
761 1429 864 1506 poeta
879 1423 912 1486 in
927 1423 1041 1497 v1‚974
1058 1423 1117 1486 977
1133 1425 1182 1486 ita
1196 1445 1266 1490 non
1283 1424 1387 1496 dixit,

271 1525 332 1590 sed
347 1525 437 1588 ene
451 1529 594 1607 utraque
610 1521 723 1586 brevi.
748 1543 808 1584 cur
827 1521 929 1608 igitur
943 1520 1082 1584 hicnon
1098 1522 1236 1606 scripsit
1251 1522 1387 1608 Saetige-

271 1627 371 1710 risque
385 1623 476 1686 eaba
489 1619 623 1684 sinaites?
640 1620 719 1704 quia
735 1626 807 1682 tota
823 1619 907 1682 haec
918 1617 1088 1682 hominum
1100 1640 1175 1683 cum
1187 1619 1307 1685 suibus
1319 1621 1387 1684 col-

271 1723 352 1786 latio
367 1721 483 1804 inepta
498 1727 565 1783 est.
589 1717 767 1782 considera
783 1719 869 1782 enim
884 1717 974 1782 hanc
988 1737 1184 1802 perversam
1198 1719 1385 1782 sententia·
1484 1745 1485 1786 v

272 1841 343 1886 rum
367 1837 583 1903 compagem.
611 1811 711 1880 ‘seras
733 1816 863 1879 multas’
885 1816 995 1900 inquit
1013 1809 1229 1890 ‘vincebant,
1256 1838 1386 1900 paucas

272 1916 409 1982 latebris
425 1914 531 1978 abditi
547 1914 719 1990 vitabant,
732 1923 766 1976 et
781 1913 958 1998 saetigeris
973 1914 1090 1978 suibus
1104 1933 1205 2000 pares
1218 1912 1312 1976 humi
1327 1915 1386 1977 ab·

270 2017 348 2080 iecti
364 2014 538 2078 nudabant
552 2012 725 2076 membra.'
740 2012 897 2074 nudatnnt
911 2011 1016 2075 vcro?
1029 2011 1086 2094 qui
1097 2031 1139 2074 no
1153 2010 1299 2095 pellibus
1315 2013 1386 2096 qui·

271 2115 346 2178 dem
357 2121 548 2178 uterentur.
561 2109 620 2174 sed
631 2109 697 2173 hoc
707 2109 954 2175 incommodum
965 2109 1146 2175 Lambinus
1157 2108 1286 2172 levavit
1294 2117 1387 2172 recte

270 2210 448 2277 scribendo
462 2209 609 2274 silvestria
625 2209 759 2270 mentm
776 2209 873 2271 Nuda
889 2229 1027 2270 nasas
1037 2229 1056 2268 r
1072 2218 1189 2270 terrae.
1204 2218 1320 2270 manet
1336 2215 1385 2270 ta·

271 2333 346 2376 men
361 2309 415 2374 vel
430 2309 479 2372 sic
495 2306 578 2371 illud
594 2307 753 2370 obtusum
777 2315 810 2369 ct
831 2307 1023 2392 plumbeum
1043 2325 1202 2379 acumen,
1225 2305 1320 2389 quod
1335 2318 1384 2368 est

268 2412 303 2475 in
319 2407 509 2472 hominibus
525 2425 599 2467 oum
614 2403 731 2468 suibus
747 2401 1001 2486 comparandis.
1019 2423 1100 2490 ergo
1116 2403 1149 2464 in
1164 2401 1305 2465 latebris
1319 2402 1382 2465 iili.

269 2508 350 2572 feris
367 2525 451 2588 quas
468 2503 657 2564 vitaverant
671 2501 737 2584 ipsi
752 2500 893 2576 similes,
910 2501 991 2564 nudi
1005 2502 1331 2585 prosternebantur.
1347 2511 1383 2562 ut

270 2606 431 2668 laterent.
447 2605 548 2682 puto.
563 2598 661 2660 immo
676 2609 826 2661 nocturno
842 2609 973 2682 tempore
988 2599 1068 2684 copti
1078 2623 1088 2660 :
1104 2597 1169 2661 boc
1183 2597 1268 2660 enim
1281 2596 1381 2662 adici·

270 2715 343 2764 tur.
366 2705 468 2780 atque
492 2692 609 2757 eadem
624 2701 725 2756 nocte
740 2693 786 2756 illi
801 2697 903 2758 scibas
911 2719 1007 2780 pares
1023 2696 1124 2760 domo
1139 2716 1245 2760 saxea
1259 2696 1381 2759 eiciun-

269 2809 325 2862 tur
339 2794 514 2880 Spumiperi
528 2793 591 2854 suis
605 2791 733 2854 adventu
749 2793 877 2856 cotidiae
891 2795 999 2857 lenia.
1014 2815 1082 2856 non
1097 2795 1210 2878 potuit
1223 2795 1334 2858 bonus
1350 2803 1381 2856 et

269 2896 302 2957 in
319 2899 392 2958 arte
405 2887 575 2976 perfectus
587 2894 690 2974 poeta
701 2889 787 2952 haec
802 2897 870 2952 tam
886 2892 989 2954 stulte
1001 2891 1219 2977 coniungere.
1233 2886 1320 2956 ‘raro
1335 2892 1381 2955 la·

269 2992 374 3056 tebris
387 2990 541 3054 vitabant
553 2987 659 3062 ferae,
676 2995 710 3051 et
725 2987 841 3051 suibus
856 2989 979 3054 similes
994 2989 1074 3053 nudi
1091 3000 1126 3053 et
1140 2990 1319 3054 frondibus
1332 2991 1380 3053 in-

249 3123 251 3128 *
269 3091 375 3155 voluti
390 3089 546 3153 iacebant
561 3094 660 3150 nocte
677 3086 767 3170 capti
776 3135 784 3165 ,
797 3108 899 3172 saepo
916 3096 1027 3152 tamen
1043 3089 1112 3152 suis
1127 3098 1186 3152 aut
1201 3089 1308 3154 leonis
1323 3089 1380 3152 ad-

268 3196 371 3253 ventu
394 3186 505 3250 saxeis
528 3185 627 3249 tectis
651 3181 816 3248 excedere
839 3187 1080 3270 cogebantur.'
1108 3187 1174 3250 iam
1196 3208 1278 3250 vero
1302 3185 1381 3250 illud

268 3288 358 3351 subus
369 3307 463 3370 pares
478 3283 543 3347 alio
559 3281 686 3346 referre
702 3289 919 3366 temptemus,
932 3283 1061 3348 scilicet
1072 3284 1115 3347 ad
1131 3285 1221 3348 vires
1238 3293 1273 3348 ct
1287 3282 1381 3348 forti·

268 3383 418 3448 tudinem
432 3382 614 3464 primorum
629 3379 834 3444 mortalium:
850 3382 965 3445 statim
980 3382 1091 3446 omnia
1106 3382 1292 3447 rectissime
1305 3405 1380 3468 pro·

268 3480 392 3544 cedent
403 3480 471 3543 hoc
483 3477 601 3542 modo.
614 3471 745 3542 ‘mutas
760 3478 850 3542 feras
862 3479 1059 3556 vincebant,
1074 3501 1202 3564 paucas
1214 3482 1382 3552 vitabant,

269 3599 343 3642 cum
358 3598 400 3640 ne
415 3576 590 3660 saetigeris
605 3577 720 3640 suibus
736 3576 871 3661 quidem
893 3589 921 3640 et
942 3579 1076 3642 nonne
1089 3580 1235 3664 impares
1251 3589 1381 3644 essent.
1482 3659 1483 3668 ἵ

269 3697 343 3740 cum
358 3686 457 3738 antem
472 3695 541 3738 nox
554 3675 749 3760 ingruebat,
770 3678 802 3739 in
817 3678 899 3740 cocu
913 3676 995 3740 nudi
1011 3677 1298 3762 procumbebant,
1321 3678 1381 3743 do·

267 3795 329 3837 nec
341 3773 410 3838 suis
422 3779 481 3837 aut
493 3771 599 3836 leonis
611 3781 700 3838 metu
713 3783 963 3839 exterrerentur
976 3775 1129 3839 cavernis
1141 3783 1175 3839 et
1187 3776 1356 3844 cubilibus
1366 3776 1382 3839 .'

267 3872 368 3952 haec,
378 3872 514 3958 inquam
524 3921 531 3946 ,
543 3873 628 3936 bene
639 3871 846 3958 procedunt,
859 3873 921 3937 sed
933 3881 1077 3959 apparet
1088 3875 1277 3939 orationem
1289 3897 1382 3940 man·
1482 3883 1483 3934 t

268 3990 448 4035 comesse:
472 3968 596 4035 desunt
619 3972 705 4036 enim
727 3992 767 4034 ea
789 3993 875 4055 quae
898 3971 963 4036 alio
980 3972 1167 4056 scripturae
1180 3993 1308 4058 genere
1322 3995 1382 4036 no·

267 4069 355 4142 tavi,
377 4079 404 4132 et
424 4069 575 4148 leonibus,
598 4071 704 4133 deinde
723 4081 822 4133 auten
836 4071 870 4132 in
884 4073 1040 4134 caventis.
1064 4091 1167 4154 porro
1184 4091 1334 4154 quonam
1348 4071 1382 4134 in

264 4165 342 4228 loco
357 4165 443 4231 hacc
458 4169 605 4232 carmina
621 4166 777 4230 damnum
792 4167 935 4231 fecerint
949 4167 1101 4232 ostendit
1119 4167 1175 4231 ille
1196 4169 1297 4232 unius
1313 4168 1382 4254 syl·
1482 4213 1483 4228 ,

192 4295 194 4298 ·
265 4261 362 4327 labae
377 4262 530 4329 defectus
545 4273 625 4350 post
637 4287 729 4348 pares
743 4265 849 4328 subu.
865 4286 976 4351 neque
989 4286 1072 4330 vero
1085 4260 1183 4331 deest
1197 4263 1289 4330 aliud
1303 4287 1382 4351 per-
1482 4275 1483 4290 ¹

264 4362 466 4425 turbationis
482 4361 655 4425 indicium:
671 4383 746 4426 nam
759 4371 839 4448 post
850 4386 911 4429 sex
923 4385 1041 4429 versus
1051 4365 1127 4429 loco
1140 4363 1250 4428 alieno
1262 4364 1380 4451 legun·

265 4467 318 4520 tur
334 4457 435 4522 haec.
