2970 5268
300 465 369 538 178
843 466 877 534 V

297 655 331 744 66
345 646 402 731 qui
416 645 531 708 reiciat
545 643 662 730 gelidis
677 662 698 705 a
711 642 845 728 frigoris
860 644 985 706 umbris

296 760 468 826 aestiferas
484 779 590 843 usque
604 759 638 822 in
652 758 759 844 pertis
775 766 808 821 et
821 755 951 822 fervide
965 758 1074 842 signe.

297 885 331 940 et
344 875 475 940 ratione
489 874 562 972 peri
576 874 687 938 lunam
701 873 883 958 stellasque
898 869 1133 958 putandumst,

297 1011 383 1076 quae
397 989 540 1053 volvunt
553 1009 691 1073 magnos
704 988 739 1052 in
753 989 881 1074 mugnis
895 986 1033 1052 orbibus
1047 1007 1169 1062 annos,

224 1121 272 1168 665
295 1106 426 1170 aeribus
441 1125 544 1190 posse
558 1103 696 1167 alternis
712 1124 730 1166 6
745 1103 896 1190 partibus
911 1102 975 1164 ire.

295 1241 407 1284 nonne
422 1217 517 1283 vides
532 1218 630 1282 etiam
645 1216 786 1282 diversis
799 1216 914 1282 nubila
931 1216 1040 1280 venti·

296 1333 446 1398 diverses
460 1334 509 1396 ire
523 1333 558 1396 in
572 1333 678 1419 pertis
692 1331 823 1397 inferne
836 1331 1018 1416 supernis?

296 1449 353 1533 qui
367 1450 474 1512 minus
488 1447 683 1533 illaqueent
697 1467 757 1532 per
772 1465 912 1532 magnos
926 1445 1073 1510 aetheris
1088 1447 1180 1510 orbis
1266 1475 1276 1488 ·

296 1563 445 1627 aestibus
459 1563 547 1626 inter
561 1583 598 1626 se
614 1561 756 1625 diversis
770 1560 881 1624 sidera
895 1557 1000 1624 ferri?

222 1693 271 1740 656
334 1679 381 1741 At
394 1699 463 1740 nox
478 1677 588 1741 obruit
602 1677 727 1762 ingenti
742 1676 882 1761 ealigine
896 1683 1020 1748 terres,

294 1799 352 1856 aut
366 1791 422 1856 ubi
438 1789 480 1854 ‹le
494 1791 596 1876 longo
612 1811 711 1854 cursu
726 1790 779 1854 sol
793 1791 908 1854 ultime
922 1790 1004 1854 eseli

293 1905 422 1992 impulit
436 1915 537 1990 atque
552 1925 633 1968 suos
648 1903 774 1968 efflavit
787 1903 965 1989 languidus
979 1905 1065 1989 ignis

295 1997 477 2084 concussos
492 2020 574 2083 itere
590 2028 623 2082 et
638 2019 821 2084 labefactos
836 2026 913 2083 6666
928 2017 1049 2093 multo,

294 2145 352 2199 eut
367 2136 444 2220 quie
458 2135 520 2198 sub
536 2141 644 2198 terras
659 2155 793 2197 cursum
808 2142 1010 2198 convortere
1025 2135 1117 2218 cogit

221 2265 270 2312 655
292 2250 345 2314 vis
361 2248 476 2314 eadem
486 2297 494 2326 ,
506 2269 609 2334 supra
623 2269 710 2335 quae
724 2257 834 2313 terres
849 2247 987 2334 pertulit
1001 2249 1130 2312 orbem.

335 2364 503 2450 Tempore
516 2365 595 2427 item
611 2372 704 2427 66666
718 2383 850 2428 roseum
865 2363 997 2426 Matuta
1012 2384 1072 2448 per
1088 2385 1165 2427 ores

293 2479 438 2543 aetheris
453 2500 607 2542 auroram
623 2477 734 2542 differt
748 2487 782 2541 et
797 2478 920 2542 lumina
932 2475 1066 2562 pendit,

292 2601 351 2657 aut
366 2593 443 2678 quia
458 2593 509 2656 sol
523 2591 628 2666 idem,
640 2593 702 2655 sub
719 2606 825 2654 terras
839 2591 894 2654 ille
909 2600 1096 2668 revertens,

293 2707 453 2791 anticipat
467 2706 593 2770 eaelum
607 2703 709 2771 radiis
724 2704 907 2768 accendere
923 2715 1105 2790 temptans,

220 2837 270 2885 666
293 2831 352 2884 666
368 2821 445 2906 quia
461 2819 667 2883 conveniunt
680 2803 774 2904 ignes
791 2829 824 2883 et
838 2819 964 2884 semine
978 2821 1079 2884 multa

292 2934 459 3000 confluere
475 2934 606 3000 ardoris
622 2943 828 2998 consuerunt
843 2943 993 3020 tempore
1008 2945 1124 3024 66666,-

292 3072 378 3136 quae
391 3050 519 3114 faciunt
532 3050 613 3114 solis
627 3070 715 3114 nova
731 3070 861 3134 semper
875 3049 999 3113 lumina
1013 3051 1120 3136 gigni3

292 3165 383 3251 quod
399 3187 505 3251 genus
519 3164 629 3228 Idaeis
644 3164 732 3229 lema
747 3174 799 3228 est
814 3187 831 3228 e
847 3165 1014 3229 montibus
1029 3166 1104 3231 altis

292 3281 466 3368 dispersos
480 3280 565 3366 ignis
582 3281 701 3344 orienti
716 3280 837 3344 lumine
852 3281 958 3355 oerni,

217 3411 266 3458 665
287 3393 366 3459 inde
381 3395 469 3458 coire
484 3393 618 3478 globum
635 3395 731 3478 quasi
744 3393 778 3456 in
792 3413 894 3456 unum
909 3403 944 3456 et
958 3393 1121 3456 conficere
1137 3397 1269 3460 orbem.

288 3530 351 3572 neo
365 3516 476 3571 tamen
491 3505 573 3570 illud
588 3508 621 3570 in
636 3507 689 3571 his
704 3509 803 3571 rebus
818 3508 966 3571 mirabile
982 3505 1084 3572 debet

290 3643 380 3696 esse,
393 3619 486 3706 quod
496 3620 584 3702 ‚haec
598 3621 683 3706 ignis
698 3630 765 3685 tarn
780 3631 874 3685 66666
889 3629 1040 3707 tempore
1054 3634 1200 3708 possunt

288 3737 414 3800 semine
429 3733 596 3799 confluere
612 3743 646 3800 et
660 3736 741 3801 solis
755 3757 912 3822 reperere
926 3736 1084 3802 nitorem.

288 3851 391 3915 multe
405 3849 556 3914 videmus
572 3851 674 3925 enim,
687 3859 780 3914 66666
797 3872 883 3936 quae
897 3860 1049 3938 tempore
1063 3852 1148 3918 fiunt

217 3981 265 4028 676
288 3966 440 4029 omnibus
455 3966 489 4028 in
504 3968 621 4032 rebus.
633 3966 817 4031 florescunt
831 3975 981 4052 tempore
995 3977 1088 4032 66666

287 4080 425 4144 arbusta
440 4089 474 4144 et
488 4089 581 4144 oerto
597 4081 768 4146 dimittunt
782 4091 935 4169 tempore
949 4082 1080 4146 florem:

286 4365 335 4412 646
353 4359 398 4412 ille
425 4361 435 4431 ΙΙ
463 4365 510 4412 651
531 4362 628 4413 vetima
657 4364 666 4426 ll
696 4369 744 4415 664
764 4373 924 4416 convortere
951 4363 962 4430 ΙΙ
991 4369 1041 4415 656
1060 4383 1137 4418 rosen
1156 4373 1257 4419 mature
1276 4369 1286 4436 Η
1305 4371 1354 4418 tm
1373 4379 1388 4414 6
1406 4367 1415 4428 li

285 4450 333 4495 667
353 4443 454 4514 possit.
