2990 5182
603 621 610 632 .
647 561 698 628 Vl
1155 567 1225 633 425

203 737 591 802 1270.rrrr1ssu1›rs
609 756 774 800 ossraus
794 734 1113 808 uuaVronnraus
1129 763 1227 803 rnn-

114 859 208 902 rn1s
229 859 359 901 rnorn
382 857 456 898 rau
479 857 690 910 sonnnous
713 856 920 898 snrunrn.
950 835 1125 900 Vicaeribns
1145 858 1227 922 qua·

114 935 255 1009 drutus,
278 940 453 998 corrector
474 933 611 1019 oblongi
633 933 822 998 Wrceribsn:
844 931 1080 999 Uncnnrsus
1095 934 1227 1001 Lambi-

113 1055 199 1098 nus.
220 1031 309 1096 idem
332 1053 553 1108 sonnroun.
577 1031 639 1096 sed
655 1032 697 1096 de
712 1031 800 1116 pelle
816 1030 975 1096 sordibus
983 1055 1083 1117 prope
1096 1035 1161 1097 iam
1175 1054 1228 1097 se-

114 1130 336 1217 pultanugae
351 1138 446 1204 sunt,
462 1130 559 1214 quasi
573 1128 827 1195 consuetudinis
842 1130 886 1193 sit
899 1136 1108 1194 mortuorum
1123 1130 1228 1216 pelles

114 1229 270 1293 humari.
301 1249 406 1314 quare
431 1227 619 1313 prudenter
644 1228 808 1294 Marullus
833 1228 970 1314 scripsit
993 1230 1116 1314 sepultis
1128 1254 1140 1310 ,·
1164 1225 1229 1292 nisi

117 1326 211 1413 quod
227 1328 334 1392 oratio
351 1328 483 1412 aptiore
500 1327 635 1392 vinculo
657 1327 831 1413 iungetur,
854 1327 883 1391 si
905 1327 1089 1390 scribemus
1109 1349 1228 1390 rrnnr

97 1431 208 1510 'anper
226 1425 339 1492 caritas
356 1447 420 1490 reno
431 1451 441 1488 :
462 1445 539 1488 nam
560 1427 595 1489 in
615 1425 681 1490 hae
703 1424 842 1490 ablativi
856 1423 966 1488 forma
979 1424 1072 1489 nulla
1087 1421 1228 1488 offensio

117 1531 187 1598 est,
202 1545 313 1608 neque
329 1521 448 1588 dubito
465 1523 544 1607 quin
559 1523 594 1586 in
607 1523 673 1587 Ciri
685 1523 746 1588 505
758 1529 850 1587 recte
862 1522 1015 1607 plerique
1030 1522 1229 1606 scripserint

121 1623 223 1687 (hara
235 1645 314 1686 novo
326 1623 439 1686 macies
453 1621 578 1685 obducit
590 1623 732 1708 squalido
740 1622 835 1706 pelli.
851 1619 955 1683 nihilo
966 1621 1075 1684 minus
1087 1619 1142 1684 hic
1152 1641 1228 1684 ver·

117 1741 195 1794 sus,
214 1720 357 1806 Corporis
375 1721 507 1798 intuma,
525 1721 602 1805 pelli
615 1743 707 1805 super
720 1719 835 1785 ossibus
847 1743 930 1798 cao,
952 1718 1053 1783 valde
1067 1718 1229 1783 molestus

119 1826 192 1891 est,
213 1839 286 1881 cum
307 1817 410 1882 modo
428 1813 677 1902 praecesserint
689 1819 856 1882 semanimo
871 1839 940 1880 cam
955 1839 1081 1902 cor-pm
1094 1816 1230 1880 menbra

118 1911 259 1980 Horrida
267 1917 404 2001 paedore
416 1964 423 1979 .
437 1917 553 2002 itaque
564 1916 655 1981 hunc
666 1937 799 1980 versum
811 1937 832 1979 a
842 1915 1000 1980 Lucretio
1012 1937 1081 1980 non
1093 1937 1133 1980 eo
1150 1937 1229 1980 con-

119 2014 194 2079 silio
210 2015 372 2098 seriptum
387 2035 461 2078 esse
477 2015 649 2089 existimo,
664 2021 703 2077 ut
718 2014 840 2078 ceteris
854 2014 903 2076 ita
917 2022 956 2077 ut
969 2035 1059 2078 nunc
1072 2014 1231 2099 leguntur

120 2113 313 2178 constitutis
328 2119 541 2176 servaretur.
565 2111 714 2175 similiter
734 2109 880 2174 iudicavi
901 2131 1006 2194 supra
1029 2110 1071 2173 de
1085 2110 1125 2174 iis
1143 2131 1230 2196 quae

119 2218 200 2275 sunt
210 2211 244 2274 in
256 2233 289 2283 11,
299 2208 377 2284 522,
393 2209 436 2273 de
448 2230 548 2273 versu
563 2209 640 2272 libri
652 2231 691 2272 111
705 2208 802 2287 1031,
818 2205 861 2270 de
875 2205 954 2272 1230
967 2215 1001 2270 et
1015 2207 1095 2272 1328
1107 2209 1230 2293 quinti,
1345 2209 1355 2228 ‘

118 2312 266 2393 itemque
282 2307 325 2372 de
339 2307 439 2372 huius
455 2306 529 2372 libri
544 2307 584 2372 85
601 2329 675 2372 cum
690 2306 870 2391 proximis.
892 2305 945 2369 his
961 2307 1121 2370 convenit
1134 2313 1230 2380 nota,

121 2409 164 2474 de
188 2429 255 2494 qua
276 2407 361 2470 haec
383 2407 511 2490 scripta
534 2413 652 2470 extant
671 2406 707 2470 in
726 2404 839 2469 libello
862 2403 1015 2468 deuotis
1036 2403 1230 2469 Probianis.

119 2509 282 2593 amisiyma
295 2528 364 2568 cum
371 2516 483 2591 prendo
488 2505 661 2590 ponebatur
671 2527 741 2569 cum
755 2505 886 2568 eiusdem
899 2525 1002 2588 sensus
1014 2526 1118 2567 cernar
1130 2505 1230 2589 drapti-

122 2631 172 2672 cer
186 2615 282 2671 esem
293 2617 321 2668 et
333 2603 520 2668 distillaretur
533 2606 588 2690 qui
595 2605 699 2689 potins
713 2603 846 2688 legendi.
861 2602 907 2665 ric
918 2611 947 2664 et
960 2601 1046 2688 apud
1056 2612 1188 2666 nostroe.

208 2702 296 2766 1272.
318 2724 506 2766 nnnunnn
535 2695 770 2766 anennuarss
801 2701 983 2765 Corrector
1004 2699 1142 2786 oblongi
1163 2723 1231 2764 au·

122 2823 301 2866 enarer.

210 2899 297 2963 1273.
314 2920 585 2976 onnunrnoun
601 2897 929 2963 rassranuno'rn
946 2873 1234 2960 cinavaurnus

127 3017 366 3062 cannasrun
388 3019 546 3060 rnurnn
568 3019 784 3060 ununnar.
808 2993 1003 3074 Quadratus
1026 2994 1177 3058 manebit.
1199 2995 1234 3057 in

126 3097 195 3160 hoc
205 3092 369 3157 vocabulo
384 3116 423 3158 ea
438 3094 567 3159 scheda
578 3094 706 3159 codicis
717 3093 893 3180 archetypi
907 3091 1084 3157 desinebat
1096 3113 1163 3177 qua
1174 3113 1233 3178 pa-

129 3194 226 3280 ginae
247 3191 321 3258 libri
343 3193 429 3256 sexti
450 3217 557 3258 xnvnr
580 3201 614 3257 et
634 3215 714 3256 xnrx
735 3192 1015 3265 continebantur,
1038 3210 1145 3276 eaque
1161 3198 1234 3254 erat

124 3291 330 3378 paenultima
350 3291 497 3369 codicis3
520 3313 587 3377 qno
608 3293 717 3356 minus
738 3293 856 3356 mirum
872 3299 943 3366 est,
966 3289 1064 3374 siqua
1085 3287 1235 3352 litterula

27 3405 35 3422 ¹
124 3392 181 3456 hie
196 3390 341 3455 librariis
354 3391 481 3456 nostris
496 3413 565 3455 non
580 3393 663 3456 satis
679 3390 771 3455 clara
785 3389 867 3454 fuit.
889 3390 955 3453 iam
977 3395 1086 3452 totum
1101 3395 1235 3451 senten·

123 3491 192 3568 tiae
208 3490 367 3554 ambitum
382 3488 577 3554 considera.
594 3491 705 3554 omnia
720 3489 863 3555 delubra
876 3511 957 3554 mors
972 3486 1172 3571 corporibus
1187 3510 1235 3550 re·

120 3591 258 3677 pleveral
266 3596 300 3652 et
309 3587 435 3672 templa
443 3587 582 3653 deornm
593 3596 716 3653 cuncta
725 3587 949 3653 cadaveribus
957 3594 1099 3673 gravata
1107 3585 1237 3666 lachah

125 3709 213 3774 quae
225 3688 301 3751 loca
312 3683 439 3751 aeditui
448 3685 638 3771 hospitibus
651 3689 839 3773 conplorent
845 3685 931 3750 vivis
941 3693 975 3749 et
984 3684 1124 3748 salutem
1135 3702 1237 3767 quae·

125 3786 303 3851 rentibus
333 3782 556 3870 Thucydides
578 3785 614 3846 τά
637 3806 674 3846 τε
695 3781 759 3869 ispi
782 3783 819 3849 ἐκ
843 3781 887 3846 olc
911 3782 1086 3847 ἐεκήκιιιιτο
1110 3777 1237 3863 Νεκρώκ

125 3885 207 3948 πλέα
224 3879 279 3956 du,
296 3882 391 3954 airu?
407 3882 717 3947 ἐκιποθκιιεκὸκτωιι
729 3931 734 3943 .
748 3882 845 3968 posui
856 3880 891 3944 id
905 3879 1044 3944 verbum
1057 3876 1151 3962 quod
1163 3897 1238 3940 ora·

126 3984 253 4047 tionem
269 3987 342 4044 arte
360 3989 394 4045 et
409 3981 581 4067 eleganter
597 3987 806 4053 conecteret,
822 3978 953 4041 honest
967 3997 1167 4050 raanan,
1183 3996 1239 4038 eo·

80 4119 86 4132 ·
126 4101 194 4165 qne
209 4079 282 4143 solo
299 4085 402 4163 poeta
416 4079 472 4144 hic
487 4080 536 4142 uti
546 4079 674 4163 potuit.
690 4084 726 4141 at
737 4075 901 4140 Marullus
912 4073 1018 4138 Italos
1030 4080 1166 4138 secutus
1177 4093 1240 4135 neo

127 4179 212 4242 satis
234 4179 371 4263 proprie
393 4177 530 4262 scripsit
550 4187 675 4241 murata
695 4177 805 4261 templa
824 4174 1005 4252 manebant,
1027 4183 1062 4237 et
1083 4194 1123 4236 eo
1138 4168 1240 4234 modo

129 4299 173 4340 ex
188 4275 322 4340 duobus
337 4276 496 4340 membris
510 4276 577 4339 tria
591 4274 673 4339 fecit
682 4323 690 4348 ,
713 4295 856 4360 quorum
876 4273 1026 4337 ultimum
1042 4271 1076 4335 in
1092 4268 1240 4334 eiusdem

128 4374 224 4438 vocis
235 4372 438 4457 repetitione
450 4395 518 4438 non
534 4373 617 4438 satis
633 4395 675 4436 ex
691 4379 764 4436 arte
777 4370 820 4435 ad
832 4372 974 4457 primum
987 4368 1141 4454 respicit.
1158 4366 1241 4430 aedi-

128 4482 241 4536 tneates
255 4493 319 4557 pro
334 4471 481 4536 aedituis
496 4471 531 4534 in
545 4471 688 4535 carmine
704 4489 766 4534 suo
778 4469 969 4534 Lucretium
982 4465 1153 4551 appellare
1166 4460 1242 4526 Gel-

128 4569 195 4634 lius
211 4569 343 4634 rettulit
356 4569 444 4636 libro
460 4568 585 4646 x11‚10.
