2990 5202
645 489 691 560 ιιι
1093 453 1099 464 ’
1150 486 1217 558 ιιι

189 665 258 731 531.
275 667 650 744 Scrsnrrunnruus
672 685 803 730 ιιιιιιιο
819 683 924 728 nnnc
941 683 1126 742 Quosmu
1146 685 1219 729 rru-

109 785 211 828 ruun
232 813 238 827 .
260 763 401 829 Fallitur
415 763 571 829 Hendius
586 811 593 839 ‚
613 783 688 828 cum
703 763 771 828 hoc
784 783 852 828 uno
866 783 967 828 versu
982 762 1066 826 setis
1080 763 1226 847 proberi-

110 862 192 927 dicit
206 863 340 928 licuisse
356 864 466 949 poetis
482 873 571 949 atque
583 861 853 926 coniunctionem
862 861 1006 926 traicere
1018 907 1026 936 ‚
1036 860 1071 924 in
1083 861 1219 926 Tursel-

108 961 164 1024 lini
179 969 272 1025 toruo
288 983 299 1023 1
314 958 417 1045 p.512
441 1009 447 1023 .
471 979 547 1023 nam
570 979 681 1044 neque
700 959 890 1024 coniunctio
904 961 980 1044 ipsu
993 979 1103 1044 neque
1118 955 1221 1024 animo

109 1059 287 1144 quicquum
302 1057 435 1122 confert
448 1057 494 1122 ed
508 1059 709 1122 sententium
724 1103 732 1132 ,
748 1077 836 1142 quee
850 1057 942 1121 nulle
956 1063 1010 1122 est
1023 1057 1088 1121 nisi
1102 1055 1220 1122 scribi-

107 1179 180 1222 mus
196 1157 355 1222 Scinditur
374 1175 504 1232 usous
525 1177 633 1221 suno
654 1155 730 1220 llaec
749 1158 894 1241 quomam
914 1165 1050 1219 cutura.
1073 1153 1117 1219 de
1131 1165 1221 1242 utque

108 1257 252 1320 traiecto
274 1253 440 1319 curiosius
456 1275 556 1338 quern
569 1253 725 1318 Handius
741 1253 810 1338 egit
824 1252 995 1339 Hauptius
1008 1251 1045 1316 in
1059 1254 1219 1317 observa·

107 1354 256 1418 tionibus
270 1375 302 1438 p.
314 1353 355 1417 45
370 1353 411 1417 46
426 1352 465 1416 47
480 1353 522 1418 48
537 1353 594 1418 52.

191 1452 260 1517 535.
276 1473 429 1517 sessum
443 1473 652 1516 nrouosun
667 1473 868 1516 uumerus.
890 1451 997 1518 Recte
1011 1449 1221 1518 Veronensis

106 1553 212 1618 editio
228 1561 263 1615 et
277 1549 442 1615 Marullus
456 1574 477 1613 o
487 1571 688 1616 suucsns.

191 1649 261 1715 538.
287 1671 329 1712 ιιι
352 1671 480 1713 ιιιιιιιιι
501 1671 552 1714 ur
574 1671 749 1714 urxruus
772 1698 780 1714 .
804 1649 849 1712 4Ιιι
871 1648 1044 1736 impressis
1067 1648 1220 1715 additum

103 1773 153 1814 nu
162 1772 216 1814 ru
229 1797 235 1813 .
250 1748 299 1812 ite
312 1749 378 1812 iem
392 1747 562 1812 Antonius
576 1749 676 1814 Marii
689 1747 793 1812 filius.

189 1845 262 1922 544.
277 1865 653 1914 rruunrmrmnsn
675 1869 752 1910 rer
771 1867 903 1928 nunus
919 1895 925 1910 .
943 1843 1124 1911 Corrector
1138 1867 1221 1931 que·

108 1947 198 2013 droti
215 1952 250 2010 ct
264 1944 340 2008 Itali
354 1966 569 2009 nrsrsnsn.

190 2044 263 2110 545.
285 2063 572 2108 osnurnsonr.
593 2041 695 2128 Apud
716 2041 864 2107 Nonium
878 2063 909 2128 p.
921 2042 970 2117 77,
980 2039 1020 2104 32
1042 2043 1220 2107 obruiscct.

106 2145 250 2210 alterum
263 2164 283 2204 ιι
298 2141 426 2225 primus
442 2139 575 2204 addidit
586 2140 751 2206 Marullus
763 2190 770 2205 .
782 2140 863 2204 hinc
873 2138 1071 2204 Lactantius
1082 2140 1220 2214 instvu,

105 2245 144 2308 24
162 2244 238 2308 Non
258 2241 338 2304 erum
358 2238 467 2302 anima
488 2263 612 2324 corpore
632 2240 787 2328 deficimur
802 2241 861 2316 ‘red
881 2259 991 2323 corpus
1009 2240 1114 2302 auimo
1135 2238 1221 2303 dece-

104 2344 192 2405 deute
206 2335 391 2404 brutescit.

190 2433 579 2510 548.noooouuF1xn
594 2455 731 2498 unser
742 2481 748 2496 .
761 2433 869 2518 Turpi
881 2434 1095 2522 neglegentia
1105 2455 1222 2500 omnes

104 2541 231 2624 locoque
250 2581 258 2608 ‚
281 2553 354 2597 cum
377 2539 532 2616 opertum
547 2533 654 2597 sitite
668 2530 884 2598 scribendum
899 2551 973 2597 esse
990 2581 999 2608 ‚
1022 2533 1066 2598 Et
1077 2535 1223 2620 quoniam

104 2659 189 2701 meus
204 2639 259 2698 cst
272 2631 401 2696 dominu
409 2653 489 2716 pars
502 2655 566 2694 coa
582 2679 589 2706 ‚
608 2631 673 2695 loco
689 2651 794 2706 ouer
811 2629 892 2694 cua
906 2641 1009 2696 manet
1022 2642 1102 2696 certo
1116 2679 1124 2710 ,
1144 2632 1224 2696 vetut

105 2757 197 2799 orirer
211 2743 301 2819 acque
315 2731 396 2795 oculi
409 2737 490 2794 sunt
508 2777 515 2792 .
536 2730 571 2794 in
586 2751 630 2810 ιιι,
639 2728 698 2794 231
715 2729 931 2794 membranae
946 2731 1079 2818 eudcuq.
1093 2755 1106 2812 ‚·
1129 2728 1223 2816 quod

105 2831 274 2898 Aventius
288 2828 454 2893 correxit.

190 2913 260 2993 551.
290 2947 425 2990 ulnus
455 2947 587 3003 Arous
620 2945 769 2988 ocutus
800 2945 986 2987 mersere
1019 2944 1222 2990 seorsum.

103 3031 210 3094 Immo
234 3047 312 3089 nur
332 3025 437 3088 oculm
459 3071 466 3084 .
491 3023 540 3086 sic
561 3021 651 3085 infra
665 3021 726 3085 616
746 3023 780 3083 iu
801 3023 898 3104 capite
913 3026 972 3083 aut
981 3022 1110 3104 peditto
1123 3023 1223 3084 maui-

104 3130 222 3193 brt-sve.

191 3219 262 3286 553.
286 3217 365 3281 Suu
389 3237 528 3280 runnu
550 3237 592 3278 ιιι
614 3237 749 3280 rnuvo
772 3235 1012 3279 uruonururr
1033 3236 1223 3279 rsuross

104 3343 152 3388 τι(
161 3341 202 3383 ιι
220 3366 226 3381 .
248 3315 288 3379 In
301 3313 355 3377 bis
372 3314 429 3400 qui
444 3313 508 3378 Sed
520 3325 620 3378 {amm
634 3311 724 3378 ferre
739 3311 858 3377 nolunt
872 3311 1132 3402 imperitinsunt:
1146 3327 1228 3378 nam*

104 3433 207 3485 tomen
221 3417 256 3479 iu
264 3435 365 3500 porco
379 3423 511 3498 tenpore
527 3420 580 3478 est
594 3412 666 3478 fere
680 3415 714 3476 io
728 3423 860 3498 tempore
874 3413 1013 3500 quemuis
1022 3433 1123 3497 par-oo
1138 3459 1145 3474 .
1160 3410 1223 3477 sed

104 3520 139 3584 in
154 3517 222 3582 line
237 3513 374 3576 lsaaous
389 3507 535 3575 Vossius
550 3509 738 3578 rectissime
752 3511 814 3574 tabi
832 3559 839 3585 ‚
864 3507 958 3596 quod
977 3510 1145 3574 sententie
1159 3509 1223 3575 sibi

105 3613 262 3699 postulet
284 3660 292 3674 .
315 3610 365 3673 ita
377 3629 458 3672 mox
473 3609 531 3674 581
548 3610 622 3696 quin
636 3611 669 3672 iu
683 3620 779 3674 taetro
793 3609 925 3674 tabescat
937 3609 1028 3672 odore
1042 3657 1051 3686 ‚
1074 3613 1107 3672 et
1121 3628 1224 3693 supra

106 3713 167 3778 343
191 3709 257 3775 Sed
273 3709 394 3794 percitos
410 3718 542 3792 pererret
561 3708 694 3771 commatri
715 3729 829 3794 conque
844 3717 1043 3792 puerascere.
1060 3705 1104 3770 de
1118 3709 1225 3772 verbo

106 3817 227 3873 temen·
237 3827 362 3892 anceps
377 3803 537 3869 iudicium
553 3813 605 3867 est
619 3852 626 3865 .
642 3804 787 3869 Vossius
802 3805 909 3868 voluit
924 3805 1082 3889 liqummu
1097 3850 1105 3875 ,
1126 3823 1225 3888 quem

108 3904 293 3971 admodum
304 3902 446 3968 Ovidius
465 3900 552 3966 dixit
568 3901 610 3965 de
619 3901 768 3986 Aglauro
776 3901 893 3965 invide
904 3903 1043 3987 lentaque
1052 3903 1226 3966 miseriora

107 3993 173 4069 tube
188 4005 356 4092 Liquidum
370 3999 529 4085 idemque
544 3999 587 4064 de
602 3998 750 4062 Hercule
770 4021 923 4086 caecaque
935 3999 1075 4063 medullis
1093 4001 1173 4065 Tabe
1187 4001 1225 4065 11-

107 4104 275 4190 quefactis.
291 4102 340 4164 itu
354 4121 436 4164 vero
450 4097 487 4162 id
504 4096 598 4184 quod
613 4096 690 4162 libri
705 4097 823 4180 scripti
835 4095 997 4162 exhibent
1008 4097 1108 4162 valde
1119 4097 1226 4162 inmu-

40 4249 42 4254 .
106 4199 250 4264 tandum
262 4205 331 4262 est:
343 4197 446 4262 debet
458 4197 545 4260 enim
559 4195 663 4260 scribi
677 4197 711 4258 iu
719 4217 820 4280 porro
836 4196 970 4259 licueru-
984 4196 1055 4262 sive
1070 4199 1227 4284 liquuntur

107 4309 239 4384 tempore
254 4296 340 4370 tabe,
356 4317 430 4359 cum
445 4293 581 4359 codices
595 4292 745 4357 habeant
760 4292 916 4378 liuprmtur
930 4301 964 4358 et
978 4296 1033 4358 lul-i
1048 4344 1054 4358 .
1070 4315 1147 4358 nem
1163 4294 1225 4357 cabi

108 4395 257 4460 ablativo
282 4411 362 4458 essu
384 4412 482 4456 nemo
504 4392 591 4456 dixit
611 4442 619 4467 ,
640 4411 750 4476 neque
764 4389 800 4454 id
815 4411 957 4476 usquam
972 4391 1094 4478 legitur
1110 4390 1174 4454 nisi
1188 4389 1223 4455 in

107 4491 262 4557 futilibus
278 4489 479 4576 quibusdem
494 4487 643 4554 Lucretii
658 4488 862 4554 editionibus
879 4489 964 4556 libro
980 4490 1073 4565 1‚806
1090 4537 1097 4551 .
1118 4507 1224 4572 quare
