2946 5188
232 425 277 492 54
778 427 810 494 ll

159 614 207 659 415
229 597 264 661 in
279 619 377 662 nares
391 599 560 662 hominum
570 647 578 674 ,
590 621 664 663 cum
678 607 787 664 taetra
801 597 967 664 cadavera
980 607 1124 674 torrent,

232 721 355 777 etcum
371 735 472 778 scena
487 735 587 778 croco
604 713 694 778 Cilici
708 714 846 801 perfusa
859 735 977 778 recens
993 723 1045 778 est

233 849 357 913 araque
371 829 569 894 Panchaeos
585 828 720 893 exhalat
734 841 873 916 propter
889 829 1026 904 odores3

233 963 319 1006 neve
333 944 442 1008 bonos
456 965 567 1008 rerum
582 945 675 1009 simili
691 955 847 1036 constare
862 944 993 1008 colores

235 1059 358 1122 semine
373 1060 577 1135 constituae,
588 1060 704 1124 oculos
720 1061 777 1144 qui
789 1079 929 1143 pascere
943 1065 1100 1143 possunt.

163 1189 211 1234 420
234 1181 267 1236 et
283 1174 338 1257 qni
353 1182 573 1259 conpungunt
587 1174 690 1238 aciem
704 1174 943 1259 lacrimareque
959 1181 1083 1257 cogunt

235 1295 293 1351 aut
306 1286 408 1352 foeda
423 1290 534 1374 specie
550 1287 612 1352 diri
627 1297 810 1374 turpesque
827 1287 997 1352 videntur.

236 1403 342 1465 omnis
358 1404 442 1466 enim
452 1451 459 1478 ,
471 1424 592 1468 sensus
607 1425 694 1488 quae
708 1403 831 1468 mulcet
846 1423 987 1486 cumque
997 1450 1005 1478 ,
1015 1403 1121 1487 figura

237 1517 320 1580 haut
335 1517 406 1580 sine
421 1518 604 1603 principiali
620 1518 731 1602 aliquo
745 1519 858 1582 levore
875 1523 1034 1582 creatast:

239 1638 275 1693 at
289 1638 407 1694 contra
421 1651 507 1715 quae
523 1653 663 1717 cumque
677 1632 818 1696 molesta
832 1641 935 1718 atquc
950 1652 1070 1717 aspera
1084 1639 1231 1704 constat,

168 1761 217 1828 425
239 1766 308 1808 non
322 1745 433 1829 aliquo
449 1747 520 1810 sine
536 1749 692 1811 materiae
708 1747 866 1832 squalore
881 1755 1062 1831 repertast.

241 1866 319 1922 sunt
334 1860 431 1922 etiam
448 1883 533 1946 quac
547 1863 611 1926 iam
626 1883 688 1926 nec
703 1862 789 1926 levia
801 1847 872 1926 iu're
887 1868 1049 1948 putantur

242 1994 316 2036 esse
332 1996 441 2059 neque
456 1978 590 2040 omnino
605 1977 700 2042 ilerde
713 1977 927 2042 mucronibus
942 1997 1043 2048 unca,

242 2087 303 2153 sed
317 2090 421 2174 magis
436 2091 574 2178 angellis
589 2093 723 2180 paulum
736 2091 968 2177 prestantibu’,
983 2110 1136 2176 quaeque

242 2203 375 2268 titillare
390 2207 494 2291 magis
509 2229 628 2271 sensus
644 2229 742 2292 quam
756 2205 891 2269 laedere
905 2213 1061 2291 possunt;

171 2334 221 2381 430
243 2317 351 2382 fecula
365 2320 428 2382 iam
445 2342 511 2405 quo
528 2320 707 2407 degenere
723 2329 775 2386 est
788 2321 966 2405 inulaeque
981 2340 1134 2404 sapores.

245 2430 389 2518 denique
403 2436 466 2497 iam
482 2435 609 2500 calidos
623 2437 708 2520 ignis
723 2435 932 2520 gelidamque
946 2435 1097 2518 pruinam

246 2544 395 2610 dissimili
412 2547 550 2612 dentata
564 2549 664 2612 modo
680 2569 894 2634 conpungere
910 2570 1029 2612 sensus

246 2661 413 2744 corporis,
425 2660 548 2726 indicio
562 2663 661 2726 nobis
675 2671 726 2726 est
742 2669 852 2726 tactus
867 2672 1024 2747 uterque.

247 2781 358 2839 tactus
374 2775 458 2838 enim
469 2825 476 2851 ,
489 2785 597 2842 tactus
607 2826 614 2852 ,
625 2800 706 2864 pro,
719 2775 831 2842 divum
845 2778 979 2841 numina
993 2785 1124 2852 sancta,

175 2907 223 2953 435
246 2891 399 2977 corporis
414 2899 466 2955 est
481 2913 599 2957 sensus
609 2943 616 2968 ‚
628 2893 682 2957 vel
696 2915 769 2957 cum
783 2913 839 2956 res
855 2901 969 2956 extera
984 2913 1059 2956 sese

246 3007 409 3082 insinuat,
421 3007 476 3071 vel
490 3031 564 3072 cum
578 3007 681 3073 laedit
696 3031 781 3095 quac
796 3009 830 3072 in
845 3028 988 3093 corpore
1002 3015 1116 3071 natast

247 3131 305 3186 aut
318 3123 411 3186 iuvat
426 3122 601 3209 egrediens
615 3124 767 3210 genitalis
781 3146 843 3209 per
858 3123 1001 3188 Veneris
1015 3143 1084 3185 res.

248 3247 349 3322 atque
365 3259 407 3300 ex
423 3237 551 3302 offensu
566 3261 641 3302 cum
656 3240 793 3302 turbant
808 3259 950 3322 corpore
964 3238 998 3299 in
1012 3236 1088 3321 ipso

250 3354 392 3427 semina,
404 3351 616 3416 confundunt
628 3354 715 3416 inter
731 3375 767 3416 sc
783 3353 914 3415 concita
928 3373 1076 3426 sensum3

178 3486 227 3530 440
251 3478 289 3533 ut
303 3469 331 3535 si
345 3470 432 3534 forte
447 3488 546 3532 manu
562 3467 712 3551 quamvis
727 3469 790 3530 iam
806 3467 958 3552 corporis
971 3467 1043 3553 ipse

250 3595 322 3652 tute
337 3584 395 3650 tibi
410 3589 539 3665 partem
555 3581 654 3645 ferias
669 3589 770 3666 atquc
786 3582 973 3666 experiare.

252 3707 472 3788 quapropter
487 3698 584 3782 longe
599 3696 723 3760 formas
739 3696 864 3761 distare
879 3705 1051 3761 necessest

252 3815 439 3903 principiis,
451 3814 562 3880 varios
578 3833 664 3896 quac
678 3813 812 3898 possint
827 3811 928 3875 edere
943 3832 1076 3875 sensus.

294 3933 447 4016 Denique
463 3951 548 4014 quae
564 3927 662 3992 nobis
678 3925 799 3992 durata
814 3950 853 3992 ac
868 3927 978 4013 spissa
991 3924 1163 3999 videntur,

257 4256 304 4301 421
325 4247 351 4299 di
376 4249 385 4312 ll
409 4252 457 4297 422
477 4246 611 4299 videntur.
637 4247 646 4313 ll
670 4251 718 4296 423
739 4245 794 4295 Ant
812 4242 822 4309 Η
841 4241 940 4291 leviore
959 4239 969 4306 ll
987 4245 1035 4290 427
1057 4255 1187 4307 uticeque.
1205 4239 1214 4302 ll
1234 4241 1283 4287 4⁴48
1302 4253 1390 4305 ange·

257 4333 297 4384 liis
327 4333 337 4398 ll
364 4345 482 4399 quaeque
499 4337 632 4384 0444400040.
659 4329 668 4394 ΙΙ
697 4333 746 4380 422
765 4324 887 4376 'sitiliarc
913 4323 922 4388 ll
947 4329 995 4375 430
1014 4321 1085 4392 qnod
1109 4322 1119 4388 ll
1143 4321 1279 4388 inulaeque
1302 4319 1312 4384 ΙΙ
1337 4326 1390 4372 437

257 4416 381 4484 grediens
400 4415 409 4482 ll
430 4420 478 4466 438
500 4415 552 4466 :lut
