3034 5204
305 465 376 535 204
638 527 640 533 .
849 466 885 534 V

301 644 366 708 iam
381 661 471 705 mare
486 639 634 708 velivolis
649 639 792 706 florebat
805 641 992 728 puppibus,
1005 649 1038 706 et
1051 663 1106 707 res

302 757 424 822 auxilia
438 777 476 820 ae
491 755 601 820 socios
616 755 679 824 iem
694 762 795 843 paeto
809 753 946 820 foedere
961 756 1147 834 habebant,

275 913 282 930 .
302 872 500 937 carminibus
515 893 588 935 cum
603 893 658 934 ree
672 877 785 957 gestas
800 850 943 956 coepere
956 877 1076 957 poitae

224 1006 287 1052 1415
302 985 453 1052 tradere:
468 1007 531 1050 nee
545 984 649 1050 multo
664 986 747 1071 priu’
762 993 841 1051 sunt
856 979 1179 1072 elementa'reperta.
1235 1059 1238 1066 Δ

301 1110 484 1188 propterea
498 1099 581 1187 quid
596 1100 639 1164 sit
653 1101 745 1185 prius
761 1107 870 1166 aetum
885 1102 1052 1189 respicere
1067 1077 1160 1166 aetas

300 1224 420 1280 nostra
432 1215 567 1306 nequit,
578 1216 641 1278 nisi
656 1237 722 1302 qua
735 1217 821 1281 ratio
837 1217 978 1302 vestigia
991 1223 1171 1280 monstret.

342 1330 484 1417 Navigia
498 1339 600 1417 atque
615 1331 687 1416 agri
701 1331 849 1396 culturas
858 1379 866 1405 ,
876 1331 1007 1396 moenie
1016 1379 1024 1408 ‚
1034 1331 1143 1416 leger,

302 1467 409 1523 arma,
420 1447 509 1521 vias,
520 1453 649 1522 restes,
662 1453 695 1509 et
709 1452 822 1509 cetera
837 1445 879 1510 de
893 1467 1015 1532 genere
1030 1447 1166 1522 horum,

221 1579 284 1626 1451
299 1562 463 1646 praemia,
476 1559 610 1624 delicias
626 1581 761 1644 quoque
775 1560 865 1624 vitae
879 1561 1029 1627 funditus
1045 1563 1164 1637 omnis,

301 1677 462 1751 carmina,
473 1676 639 1761 picturae,
652 1678 686 1736 et
701 1673 842 1739 daedala
857 1677 951 1761 signa
966 1677 1086 1764 polire,

300 1813 380 1854 usus
397 1799 431 1854 et
443 1792 603 1876 impigrae
618 1789 713 1853 simul
729 1791 934 1876 experientia
948 1791 1067 1855 mentis

299 1905 458 1990 paulatim
473 1905 589 1968 docuit
603 1903 818 1992 pedetemtim
832 1904 1093 1992 progredientis.

300 2022 348 2084 eie
362 2041 464 2084 unum
479 2017 639 2106 quiequid
653 2018 812 2106 paulatim
826 2019 994 2104 protrahit
1009 2027 1103 2085 aetas

220 2153 282 2199 1455
297 2136 333 2200 in
345 2133 488 2199 medium
502 2134 658 2219 ratioque
671 2137 706 2198 in
719 2134 850 2199 luminis
866 2136 962 2222 erigit
977 2157 1071 2200 orae:

298 2271 441 2336 namque
457 2248 523 2314 alid
539 2271 580 2313 ex
594 2249 659 2313 alio
675 2249 859 2322 clarescere
874 2251 1109 2356 conveniebat,

299 2367 427 2432 artibus
441 2363 486 2428 ad
501 2385 660 2428 summum
676 2363 785 2430 donee
799 2387 920 2432 venere
936 2387 1107 2432 cacumen.

300 2543 501 2552 -—-—-—

303 2650 366 2695 1442
386 2642 456 2697 Tum
475 2645 485 2712 11
503 2651 613 2714 propter
632 2643 742 2697 odorere.
771 2645 781 2713 11
807 2652 871 2697 1414
891 2647 1030 2717 5111111111
1050 2655 1116 2700 1149
1134 2655 1161 2701 et
1179 2655 1312 2702 ernistum.
1330 2649 1341 2718 11
1364 2657 1430 2704 1451

300 2725 397 2796 polito.
418 2727 427 2793 11
449 2731 512 2779 1456
531 2727 613 2781 corde
631 2726 769 2781 videbant.
814 2726 816 2730 ’
