2990 5182
658 467 707 534 Vl
1165 469 1233 537 383

124 644 313 707 adelrammo
321 688 330 719 ,
344 642 505 705 discrimen
513 689 522 722 ‚
537 642 700 720 abdomen,
717 662 894 726 coynomen,
902 663 1105 726 praenomen.
1121 642 1155 705 in
1165 642 1236 708 Silii

126 765 186 816 xri,
196 740 258 804 444
272 741 457 804 anonumum
471 789 479 819 ,
502 741 560 805 ubi
574 747 668 803 recte
684 737 777 804 dooti
791 740 1012 814 ndstrnmr'no,
1033 738 1172 804 Lubrica
1185 764 1236 804 ro·

124 840 224 903 toreis
237 839 291 901 sed
304 850 391 902 eram
403 839 607 902 substramina
616 838 782 923 plausum,
798 838 895 924 Inque
909 837 997 919 (libri
1008 837 1119 923 Atque)
1134 861 1237 902 reeens

94 971 98 984 ·
124 939 207 1000 oaesi
220 947 302 1020 lerpo
307 937 459 1022 prolapsa
472 937 591 1002 inoenor‘
601 938 795 1022 Aequoream
808 946 875 1000 rota
885 935 1014 999 docebat
1020 958 1081 1020 per
1091 937 1236 1020 gramina

118 1035 271 1120 prppim.
293 1053 314 1096 a
335 1033 447 1098 vorbis
468 1035 595 1118 primae
617 1041 650 1096 et
670 1039 811 1119 quartae
825 1031 1059 1096 declinationis
1073 1053 1142 1095 non
1157 1040 1236 1096 ante

126 1130 287 1196 Ovidium
295 1129 389 1194 faeta
398 1153 591 1208 revocamen,
601 1152 797 1210 renovamen,
806 1131 1027 1208 remoramina,
1037 1125 1236 1208 relevamina,

123 1230 329 1314 respiramen,
344 1229 572 1313 adspiramina,
587 1229 785 1300 obleetamen,
799 1229 962 1292 inritamen
969 1275 978 1306 ‚
992 1227 1149 1316 suffimen.
1166 1227 1233 1290 exi-

98 1325 104 1330 '
122 1347 210 1412 gnae
226 1325 279 1389 vel
293 1325 416 1389 nullius
431 1326 643 1390 auctoritatis
665 1326 829 1412 adsamen‚
851 1325 1015 1414 asennaa,
1033 1324 1233 1411 mandaram,

116 1422 312 1512 perflamen,
334 1424 520 1508 aldgnmrn,
543 1425 778 1508 adopertam,
800 1423 1036 1501 adhortamina,
1061 1433 1234 1488 annoanlo·
1314 1455 1318 1468 ·

124 1522 210 1585 mina
218 1569 226 1599 ,
241 1521 427 1584 involumen.

209 1618 279 1682 616.
300 1617 552 1682 Pasarnnra
585 1641 657 1682 sor
689 1639 863 1682 666666
885 1665 892 1680 .
925 1614 1101 1702 Oblongus
1127 1618 1235 1702 prima

125 1737 225 1780 mauu
239 1738 400 1800 magonam.
416 1716 580 1780 Marullus
595 1737 770 1780 ananau
790 1735 882 1777 sor.
1097 1711 1098 1716 ’

206 1813 277 1878 621.
298 1820 392 1877 an'a
402 1836 553 1891 Quoue.
576 1812 809 1898 Antiquissimi
824 1817 1035 1876 correctores
1050 1835 1120 1875 nu.

207 1911 276 1976 624.
298 1933 537 1976 vnnanuras
559 1931 753 1987 nnoaons
774 1930 917 1974 vrurr.
941 1909 1099 1974 Absurda
1114 1919 1148 1974 et
1163 1911 1234 1974 sine

122 2009 276 2096 pondera
298 2011 473 2094 repetitis,
497 2030 570 2074 oum
585 2007 809 2094 praecesserit
828 2008 905 2072 Tam
913 2029 1012 2093 porro
1026 2010 1104 2072 aeui
1118 2031 1235 2095 quoqne

122 2131 267 2194 mquam
283 2108 386 2172 tollere
402 2119 525 2193 partem
545 2106 664 2171 Umorio
677 2116 822 2190 poemat.
845 2125 908 2168 neo
923 2113 1037 2170 tamen
1052 2113 1143 2170 reate
1158 2106 1234 2171 Itali
1304 2187 1305 2190 Ἴ

124 2207 354 2292 aeqrrorapomi
362 2231 373 2268 :
383 2225 460 2270 nam
472 2225 560 2289 quae
571 2211 733 2268 secuntur
744 2202 827 2268 satis
838 2202 986 2288 intellegi
996 2225 1065 2267 non
1076 2213 1234 2289 possunt,

124 2303 189 2367 nisi
204 2301 359 2367 addimus
375 2323 443 2388 qua
456 2323 494 2366 rs
509 2301 716 2376 efficiantur,
730 2302 798 2376 ita,
820 2321 971 2364 vnurrs
993 2301 1060 2366 Uno
1073 2313 1158 2368 noete
1170 2304 1236 2368 aias

124 2403 269 2488 quoniam
276 2423 426 2486 persaepe
439 2401 573 2466 oidemm
586 2399 725 2465 Siccam.

190 2497 278 2562 626.
302 2519 525 2563 cavernas.
549 2497 768 2564 Corraotoros
783 2504 917 2562 veteres
932 2519 1137 2564 caneres.

207 2595 277 2660 629.
300 2619 341 2660 ru
363 2618 501 2662 onsrs.
524 2597 562 2662 In
578 2618 674 2660 oanr
689 2595 870 2660 Marullus.
891 2596 1054 2680 proximis
1066 2593 1235 2683 Vergilius

124 2697 231 2760 utitur
245 2697 328 2760 Asu.
342 2695 445 2770 nso?
459 2697 522 2771 ita,
542 2697 630 2760 Drrm
638 2697 738 2780 plnoit
751 2697 783 2760 in
798 2695 905 2760 rans.
926 2695 985 2760 ubi
1000 2693 1139 2760 Servius
1153 2695 1235 2760 mire

123 2793 337 2859 archaismon
353 2793 435 2858 dioit
449 2796 482 2857 r'n
497 2793 605 2868 maio,
627 2793 757 2857 scilieet
774 2793 1029 2858 construetione
1043 2793 1236 2878 antiquata;

125 2893 219 2979 quod
233 2891 315 2956 mihi
330 2893 469 2977 antiqua
484 2891 696 2976 simplicitate
711 2889 863 2956 additum
875 2893 1076 2975 essepotins
1087 2891 1234 2965 videtur,

124 3013 200 3055 oum
216 2992 337 3054 abesse
350 2997 487 3073 posset.
510 2991 611 3054 acono
623 2991 704 3054 enim
713 3037 722 3068 ‚
744 2989 873 3073 inquit,
887 2989 988 3052 dicere
1002 2989 1035 3052 r'n
1050 2999 1168 3052 onae:
1189 2999 1234 3052 to-

123 3111 193 3150 men
207 3088 361 3151 saendom
374 3086 590 3166 hemistichium
608 3088 664 3153 doc
678 3087 817 3152 moeni
835 3109 898 3150 esse
907 3134 917 3166 ‚
939 3087 1022 3172 qaod
1039 3087 1082 3148 ita
1103 3096 1137 3148 ut
1153 3087 1233 3150 inoe-

124 3187 170 3248 nr't
187 3183 336 3268 Veratius
350 3184 394 3248 ad
405 3205 494 3248 nomn
507 3187 660 3250 nonstulit
675 3207 815 3250 oar-men.

208 3280 278 3346 632.
294 3303 397 3346 oans
412 3302 553 3347 naurs.
570 3280 752 3364 Corraetor
763 3282 919 3368 quadrati
935 3291 970 3345 at
980 3281 1147 3346 Antonius
1157 3281 1234 3346 Flo·

123 3381 278 3445 nantinus
292 3401 440 3444 naurs.

207 3477 277 3542 638.
292 3500 466 3554 troarno
481 3501 583 3544 rana
599 3501 718 3544 rnnrr
734 3501 870 3544 urnas
883 3527 890 3542 .
902 3475 1083 3542 corrector
1098 3477 1236 3565 oblongi

121 3600 143 3640 n
152 3599 171 3641 a
181 3600 202 3641 r
211 3598 320 3642 nnrr.
334 3578 384 3641 ita
397 3576 553 3642 soholion
563 3578 693 3644 Lucani
702 3601 734 3654 x,
742 3577 805 3644 248
815 3579 850 3642 in
861 3577 951 3642 libro
963 3576 1125 3641 Beruensi
1137 3598 1235 3662 quem

122 3675 259 3740 saeculo
282 3675 412 3740 decimo
435 3677 599 3761 seriptum
614 3677 777 3742 Sinnerus
800 3675 901 3742 dicit.
922 3677 958 3739 in
980 3697 1019 3738 eo
1036 3675 1235 3740 scholiohio

122 3795 242 3838 versus
259 3795 335 3839 eum
350 3775 499 3860 quinqua
513 3776 676 3860 proximis
688 3775 863 3860 profertur
878 3795 920 3838 ex
933 3774 1020 3838 libro
1037 3783 1152 3849 sexto,
1166 3794 1234 3836 non

122 3893 140 3936 e
157 3895 187 3946 v,
196 3871 274 3935 272.
652 3881 654 3886 '

204 3970 275 4034 639.
298 3992 374 4034 raa
395 3991 552 4035 raucas
573 3992 727 4035 nosris
751 3994 798 4034 ur
820 3991 1029 4034 sarusar.
1053 3967 1236 4035 Corrector

121 4068 260 4154 oblongi
273 4090 320 4132 rs
329 4091 445 4132 uene.
460 4069 490 4132 lli
504 4068 636 4134 litteras
652 4068 819 4153 oblongus
833 4069 939 4134 habet
952 4069 987 4132 in
1001 4067 1118 4144 litura3
1134 4091 1236 4134 versu
1346 4071 1356 4079 '

121 4165 183 4230 669
206 4175 241 4230 ot
262 4165 321 4231 681
352 4165 444 4230 idem
465 4167 597 4232 Annene
624 4175 658 4231 et
681 4167 783 4245 Eone,
812 4166 1000 4252 quadratus
1022 4167 1174 4232 Aetnaeus
1201 4175 1235 4230 et

118 4263 253 4346 Aetam
278 4264 312 4328 in
328 4285 349 4338 1,
358 4263 419 4328 722
436 4271 579 4349 uterque
594 4268 730 4344 Aelnea5
744 4265 778 4328 in
794 4285 830 4340 11,
840 4265 901 4330 593
916 4264 1082 4350 oblongus
1097 4268 1233 4342 Aetnae,

120 4361 310 4446 quadratus
326 4363 480 4428 Aetdnae.

203 4458 417 4538 64166666
437 4481 537 4526 6666
557 4483 685 4525 uanis
707 4481 859 4526 enuere
874 4483 921 4524 66
938 4457 1234 4526 cooaraFrna-
