3034 5204
296 467 366 536 222
832 465 883 532 VI

221 661 269 708 105
333 641 431 707 Nunc
446 659 524 724 age,
538 659 605 724 quo
621 645 721 725 pacto
735 637 867 723 pluvius
883 647 1077 704 concrescat
1090 640 1123 704 in
1139 641 1213 705 altis

294 756 437 822 nubibus
452 775 565 828 umor,
577 761 611 818 et
624 753 658 816 iu
673 761 781 817 terras
797 751 961 818 demissus
976 761 1014 818 ut
1027 753 1132 819 imber

295 869 448 946 decidat,
460 865 634 954 expediam
644 916 651 930 .
661 846 802 953 primum
816 867 879 932 iam
895 868 1021 932 semina
1035 870 1134 953 aquai
1210 899 1212 904 ·

294 985 397 1050 multa
411 982 506 1046 simul
520 982 648 1046 vincam
664 1002 867 1068 consurgere
881 982 1026 1046 nubibus
1040 983 1123 1069 ipsis

295 1099 447 1164 omnibus
463 1119 504 1162 ex
518 1097 636 1172 rebus,
648 1096 840 1182 pariterque
854 1097 901 1162 ita
916 1117 1067 1162 crescere
1082 1105 1274 1184 utrumque,

224 1233 274 1279 500
297 1223 332 1278 et
345 1213 443 1278 nubis
453 1261 460 1288 ,
472 1219 506 1276 et
521 1232 640 1297 aquam
650 1260 658 1288 ,
670 1232 756 1297 quae
771 1231 912 1298 cumque
926 1211 960 1276 in
974 1211 1119 1276 nubibus
1134 1221 1243 1290 extat,

294 1338 334 1394 ut
347 1328 474 1415 pariter
487 1327 584 1391 nobis
600 1347 723 1414 corpur
739 1349 812 1391 cum
828 1325 988 1412 sanguine
1003 1328 1139 1403 crescit,

296 1443 400 1508 sudor
414 1443 510 1516 item,
522 1449 624 1526 atque
637 1463 734 1504 umor
750 1441 807 1526 qui
822 1461 964 1526 cumque
980 1451 1032 1508 est
1047 1441 1192 1528 denique
1206 1444 1377 1510 membris.

296 1556 489 1642 concipiunt
503 1555 600 1620 etiam
614 1555 752 1619 multum
767 1576 902 1641 quoque
917 1577 1018 1642 saepe
1032 1558 1192 1622 marinum

296 1691 460 1746 umorem,
470 1669 525 1732 vel
539 1669 587 1733 uti
602 1668 783 1756 pendentia
795 1669 920 1734 vellera
932 1671 1045 1749 lanae,

224 1805 273 1851 505
296 1808 369 1850 cum
383 1804 505 1870 supera
519 1803 672 1870 magnum
686 1805 778 1848 mare
792 1785 884 1849 venti
898 1784 1012 1849 nubila
1022 1795 1172 1873 portant.

296 1898 455 1964 consimili
470 1897 600 1962 ratione
615 1918 657 1960 ex
671 1898 823 1962 omnibus
838 1899 988 1963 omnibus
1002 1920 1098 1964 umor

296 2013 424 2079 tollitur
438 2014 473 2077 in
486 2012 601 2076 nubis.
615 2033 682 2097 quo
698 2033 772 2076 oum
786 2013 872 2077 bene
886 2013 1012 2077 semina
1026 2035 1186 2099 aquarum

295 2128 398 2192 multa
411 2125 520 2192 modis
534 2127 645 2192 multis
660 2147 848 2192 convenere
862 2125 1010 2212 undique
1025 2127 1182 2205 adaucta,

295 2243 466 2308 confertae
480 2242 586 2306 nubes
601 2240 747 2332 umentia
760 2241 891 2307 mittere
906 2249 1037 2308 certant

225 2376 274 2422 510
297 2358 489 2444 dupliciter:
500 2377 576 2421 nam
590 2357 641 2420 vis
656 2356 748 2420 venti
763 2355 951 2432 contrudit,
963 2365 997 2421 ct
1011 2357 1084 2444 ipsa

297 2472 394 2559 copia
407 2472 592 2536 nimborum
609 2471 707 2534 turba
720 2471 846 2535 maiore
861 2481 979 2536 coacta

295 2593 408 2670 urget,
421 2585 463 2648 de
478 2605 600 2669 supero
616 2584 752 2668 premit,
764 2605 803 2648 ac
817 2585 898 2650 facit
913 2584 1048 2649 effluere
1061 2586 1192 2652 imbris.

296 2708 471 2788 praeterea
485 2719 558 2790 cunm
573 2705 748 2762 rarescunt
763 2719 898 2782 quoquc
912 2700 1026 2763 nubila
1039 2702 1148 2766 ventis

296 2822 355 2879 aut
370 2812 614 2886 dissolvuntur,
626 2811 706 2876 solis
720 2833 822 2896 super
836 2812 904 2876 icta
918 2814 1043 2888 calore,

225 2949 273 2993 515
295 2929 430 2994 mittunt
443 2947 592 2991 umorem
606 2925 769 3011 pluvium,
782 2927 991 3012 stillantque‚
1004 2929 1100 3013 quasi
1114 2930 1182 3014 igni

296 3065 374 3108 cera
387 3063 488 3128 super
503 3041 610 3106 calido
627 3042 804 3106 tabescens
819 3042 922 3106 multa
936 3042 1113 3127 liquescat.

296 3157 358 3224 sed
371 3179 506 3222 vemens
520 3157 624 3222 imber
638 3157 691 3232 fit,
702 3157 759 3222 ubi
773 3165 942 3221 vementcr
956 3164 1099 3242 utraque

294 3273 408 3338 nubila
421 3273 518 3356 aquis
532 3271 698 3336 cumulata
712 3279 907 3357 premuntur
922 3279 956 3335 et
969 3272 1091 3358 impete
1105 3274 1210 3336 venti.

296 3397 396 3471 atque
412 3393 526 3449 tenere
541 3383 598 3448 diu
613 3385 744 3468 pluviae
758 3385 959 3470 longumque
974 3387 1097 3450 morari

224 3519 272 3564 520
294 3507 515 3574 consuerunt,
526 3498 582 3562 ubi
597 3498 700 3561 multa
715 3497 843 3561 cientur
858 3498 983 3561 semino
997 3519 1172 3584 aquarum,

295 3623 397 3699 atque
412 3613 482 3677 aliis
497 3612 580 3676 aliae
594 3612 700 3676 nubes
715 3612 884 3697 nimbique
897 3611 1046 3698 rigantes

294 3729 430 3813 insuper
445 3735 547 3811 atque
562 3725 651 3790 omni
664 3725 765 3812 vulgo
782 3725 824 3790 de
839 3735 935 3813 parte
949 3727 1117 3806 feruntur,
1213 3761 1215 3768 ¹

295 3851 452 3928 terraque
467 3863 541 3906 cum
555 3841 684 3906 fumans
698 3863 846 3907 umorem
861 3849 935 3908 tota
948 3842 1115 3908 redlralat.

295 4060 495 4068 ————-.

297 4188 347 4236 495
365 4183 491 4238 dimissus
519 4184 529 4252 ΙΙ
556 4189 606 4238 190
625 4187 726 4238 vincam
751 4187 761 4254 Η
788 4192 838 4239 500
856 4185 893 4239 Et
909 4185 1023 4238 nubibus
1042 4188 1052 4256 Η
1071 4193 1120 4240 502
1138 4187 1207 4242 idem
1227 4189 1236 4258 Η
1257 4193 1305 4242 505
1324 4189 1426 4245 Conci·

297 4266 373 4320 diunt
389 4265 399 4336 ll
420 4273 469 4320 500
487 4267 585 4322 viventi
604 4269 613 4334 ll
633 4275 679 4320 511
701 4285 801 4322 mmore
820 4269 830 4336 Η
849 4273 897 4320 512
917 4285 932 4320 e
949 4269 959 4338 Ιῐ
978 4271 1067 4339 primit
1084 4269 1093 4340 ll
1115 4279 1162 4324 514
1182 4271 1310 4326 calorem.
1338 4275 1348 4343 ΙΙ
1374 4283 1425 4328 515

297 4349 414 4404 stillante
441 4349 451 4417 ΙΙ
479 4355 527 4403 510
547 4349 615 4402 Τοὶιι
633 4353 643 4420 Η
662 4357 710 4404 518
729 4352 755 4404 vi
774 4351 784 4420 ΙΙ
804 4357 852 4404 519
870 4351 909 4404 At
926 4353 1053 4406 retineret
1071 4353 1081 4422 ll
1100 4361 1150 4410 520
1167 4356 1264 4410 {lentur
1283 4357 1294 4425 ΙΙ
1313 4363 1361 4410 521
1384 4358 1421 4410 ri-

296 4441 408 4503 gnante.
428 4433 438 4502 ll
458 4439 506 4486 522
525 4449 592 4505 aque
610 4434 620 4501 ll
639 4439 687 4485 523
706 4434 842 4488 humorem
862 4435 873 4503 ll
890 4433 1019 4490 redrrlat.
