3034 5204
588 285 592 292 “
684 309 734 377 ιιι

128 473 326 570 exprimere
340 491 379 546 ut
394 481 475 546 caeli
491 480 668 564 videantur
682 481 807 568 templa
821 503 979 569 superne.

126 597 217 662 inde
230 605 359 661 tremor
372 605 480 660 terras
495 596 642 681 graviter
658 605 878 684 pertemptat,
891 605 924 662 et
938 597 1041 662 altum

127 733 310 778 murmura
324 719 525 797 percurrunt
539 712 771 776 caelum:na1n
786 718 858 776 tote
872 711 942 775 lere
957 721 1026 777 turn

33 833 34 904 J
130 833 323 912 tempestas
338 847 503 890 concussa
516 827 629 890 tremit
642 826 859 912 fremitusque
873 836 1063 892 moventur.

61 969 105 1006 rie
132 964 207 1028 quo
224 941 269 1004 de
283 962 451 1006 concussu
464 941 617 1026 sequitur
631 943 743 1026 gravis
756 943 862 1007 imber
878 949 911 1005 et
924 943 1021 1018 uber,

131 1057 247 1121 omnis
262 1055 310 1120 uti
323 1055 477 1120 videatur
492 1056 526 1118 in
540 1055 678 1121 imbrem
692 1057 814 1121 vertier
829 1057 946 1120 aether

132 1181 243 1256 etque
258 1170 305 1234 ita
318 1171 542 1256 praecipitans
557 1169 602 1233 ad
617 1169 772 1236 diluviem
782 1172 952 1244 revocari:

133 1295 258 1351 tantus
273 1282 413 1348 discidio
427 1285 525 1349 nubis
540 1286 697 1370 ventique
711 1287 863 1371 procella

133 1401 300 1475 mittitur,
312 1397 443 1463 ardenti
458 1400 588 1464 sonitus
604 1421 676 1464 cum
692 1402 851 1487 provolat
863 1402 947 1466 ictu.

65 1536 110 1578 rue
135 1524 196 1580 est
211 1514 309 1578 etiam
325 1536 398 1578 cum
412 1513 462 1577 vis
478 1515 687 1580 extrinsecus
701 1517 803 1581 incita
817 1517 908 1580 venti

133 1627 259 1693 incidit
271 1630 305 1692 in
320 1627 490 1715 gravidam
507 1637 636 1694 maturo
651 1629 785 1694 fulmine
799 1633 939 1708 nubem3

136 1766 244 1830 quam
258 1765 331 1806 cum
346 1741 523 1830 perscidit,
535 1745 703 1830 extemplo
720 1745 809 1810 cadit
823 1747 939 1832 igneus
953 1746 1007 1810 ille
1076 1745 1079 1752 ’

137 1870 280 1934 vertex,
295 1880 394 1943 quem
408 1859 517 1943 patrio
533 1861 717 1924 vocitamus
731 1861 863 1926 nomine
877 1860 1014 1924 fulmen.

137 1975 208 2038 hoc
223 1973 261 2036 fit
274 1971 361 2036 idem
374 1973 409 2037 in
425 1975 528 2058 partis
544 1974 641 2048 aliae,
654 1997 721 2060 quo
737 1997 878 2060 cumque
893 1975 969 2039 tulit
983 1977 1047 2039 vis.

66 2109 114 2151 eoo
138 2089 181 2153 fit
194 2108 330 2173 quoque
344 2098 381 2152 ut
395 2089 482 2153 inter
499 2087 576 2152 dum
592 2089 683 2153 venti
697 2089 747 2152 vis
761 2091 862 2154 missa
876 2075 946 2152 sine
961 2091 1029 2176 igni

136 2203 285 2288 igniscat
300 2210 408 2267 tamen
423 2203 456 2266 in
472 2204 579 2288 spatio
595 2203 764 2288 longoque
780 2211 904 2278 meatu,

140 2339 219 2382 cnm
233 2317 325 2381 venit
339 2316 493 2382 amittens
508 2317 656 2381 incursu
671 2339 815 2403 corpore
831 2316 996 2404 quaedam

138 2430 298 2519 grandia,
310 2452 395 2517 quae
409 2440 581 2517 nequeunt
595 2432 719 2524 pariter
734 2447 911 2520 penetrare
925 2455 986 2519 per
1001 2453 1116 2510 aurae,

142 2557 247 2632 atque
262 2547 325 2611 alia
340 2568 381 2609 ex
394 2547 470 2630 ipso
486 2547 673 2612 conradens
689 2554 766 2612 aere
781 2557 895 2636 portat

72 2682 118 2724 aue
141 2659 299 2750 parvola,
311 2681 397 2746 quae
411 2659 537 2726 faciunt
549 2663 659 2749 ignem
675 2663 852 2730 commixta
865 2663 1027 2740 volando;

142 2799 213 2842 non
228 2776 291 2840 alia
305 2775 404 2861 longe
417 2777 547 2840 ratione
561 2798 600 2840 ac
614 2777 770 2861 plumbea
784 2799 886 2864 saepe

142 2891 273 2955 fervida
286 2890 324 2954 fit
338 2890 432 2976 glans
446 2891 481 2954 in
497 2913 595 2954 cursu
605 2939 613 2966 ,
625 2913 698 2955 cum
712 2891 816 2955 multa
829 2891 949 2976 rigoris

145 3027 289 3092 corpora
304 3004 471 3070 dimittens
486 3007 595 3091 ignem
610 3005 766 3090 concepit
778 3005 813 3068 in
828 3005 930 3068 euris.

143 3123 181 3186 fit
196 3141 331 3206 quoque
345 3127 384 3184 nt
396 3120 501 3206 ipsius
516 3119 634 3206 plagae
649 3119 700 3182 vis
716 3119 838 3182 excitet
851 3118 975 3202 ignem,

77 3255 121 3300 uo
143 3235 265 3322 frigida
278 3256 352 3299 cum
365 3235 456 3299 venti
470 3233 599 3320 pepulit
612 3233 663 3297 vis
678 3233 776 3298 missa
789 3233 861 3296 sine
875 3232 958 3320 igni,

145 3351 179 3414 ni
192 3351 308 3414 mirum
319 3399 327 3426 ,
338 3351 433 3434 quia,
444 3371 517 3413 curn
531 3348 675 3414 vementi
689 3347 832 3433 perculit
845 3348 929 3424 ictu,

146 3465 312 3530 confluere
328 3485 370 3529 ex
383 3464 458 3550 ipso
474 3473 616 3550 possunt
631 3463 792 3528 elementa
806 3463 955 3548 vaporis,

146 3589 179 3644 et
194 3579 289 3644 simul
303 3601 345 3644 ex
358 3579 414 3643 illa
428 3600 514 3663 quae
529 3589 599 3643 tum
612 3601 666 3643 res
683 3578 806 3663 excipit
819 3579 937 3654 ictum,

144 3703 182 3759 ut
189 3741 199 3773 ,
208 3693 351 3782 lapidem
365 3693 456 3758 ferro
472 3714 546 3756 cum
562 3691 748 3768 caedimus,
762 3693 872 3758 evolat
885 3693 986 3778 ignis,

79 3826 124 3872 ³15
145 3831 208 3874 nec
218 3857 226 3886 ‚
238 3808 331 3895 quod
344 3807 465 3894 frigida
479 3807 529 3870 vis
543 3807 674 3884 ferrist,
685 3809 752 3890 hoc
766 3808 870 3872 setius
884 3807 930 3870 illi

149 4011 349 4019 --——————--

150 4127 200 4174 286
219 4122 378 4193 Opprimere
396 4121 406 4192 ΙΙ
425 4128 474 4175 288
493 4129 638 4193 pecul-runt
656 4122 666 4193 ΙΙ
685 4127 735 4174 299
754 4137 900 4176 concussus
927 4119 939 4190 ΙΙ
966 4125 1013 4172 291
1033 4127 1063 4172 nt
1092 4121 1103 4188 ΙΙ
1129 4123 1177 4170 292
1196 4135 1275 4171 rovo-

151 4221 224 4258 care.
253 4207 263 4274 ΙΙ
291 4211 340 4258 295
360 4203 398 4259 Es
426 4203 436 4274 ll
464 4211 513 4257 296
532 4204 619 4258 valida
636 4204 646 4271 ll
664 4203 777 4258 eulmine
802 4203 812 4272 ΙΙ
839 4209 889 4256 298
907 4203 993 4273 spatio
1012 4202 1022 4273 ΙΙ
1042 4207 1090 4256 302
1109 4203 1178 4255 Dum
1198 4202 1208 4268 ΙΙ
1227 4207 1276 4253 398

154 4289 272 4359 concipit
290 4288 300 4358 ΙΙ
319 4293 368 4342 299
386 4287 452 4358 ipsis
470 4286 480 4354 ll
499 4291 546 4341 315
566 4287 622 4340 ille.
