2990 5182
637 481 688 546 VI
1145 479 1211 546 361

106 680 182 741 que:
204 656 293 722 idem
310 663 484 722 corrector
497 656 672 741 splendidus
685 656 771 718 solis.
791 653 867 718 Itali
883 653 1050 717 Fuluus
1061 675 1215 718 nsssr:

105 753 207 818 iidem
220 755 295 820 Itali
312 763 347 820 et
361 761 535 819 corrector
551 751 709 837 quadrati
722 751 895 836 splendidas
910 774 956 814 on
965 773 984 814 ι.
994 771 1047 813 rs.

188 852 259 918 209.
277 851 742 932 Qu1rrnnn1nson1snn
758 846 1215 933 nuarameorrectorqua-

107 949 195 1014 droti
211 961 246 1016 et
269 973 344 1016 cum
359 951 455 1016 Italis
471 949 673 1034 exemplaria
692 951 857 1034 impressa
875 947 993 1033 Quappe
1007 950 1130 1012 omnim.
1154 948 1217 1013 sed

103 1047 137 1109 in
152 1050 310 1131 proximo
326 1051 475 1114 membro
491 1055 564 1112 erat
578 1049 658 1112 item
673 1049 796 1126 danim,
812 1054 849 1109 ut
863 1051 962 1130 putes
976 1067 1066 1109 nunc
1081 1068 1216 1112 oausam

106 1163 229 1211 causae
246 1147 333 1211 diei.
356 1145 523 1232 fugientes
537 1147 668 1212 litteras
684 1144 810 1210 codicis
833 1142 1012 1229 archetypi
1025 1145 1150 1208 rectius
1168 1146 1216 1209 ita

106 1242 323 1330 colligemus,
344 1245 449 1324 Quin
472 1267 596 1310 nrrnu
617 1247 705 1310 solis.
723 1238 840 1308 ‘nubes
856 1263 931 1305 cum
950 1247 1072 1306 natura
1087 1264 1149 1306 sua
1163 1265 1215 1307 se·

104 1340 194 1404 mina
208 1343 298 1428 ignis
320 1343 514 1418 continent,
536 1349 607 1406 tum
629 1341 695 1406 alia
716 1340 880 1405 alumine
903 1338 984 1402 solis
1007 1334 1216 1424 concipiunt'.

102 1457 203 1502 versu
218 1441 283 1504 271
296 1442 450 1526 permulta
460 1443 583 1527 vaporis
596 1440 722 1504 Sanina
735 1439 846 1504 tubere
857 1459 948 1502 cacas
961 1437 1054 1500 nabes
1060 1485 1069 1516 ,
1086 1447 1113 1500 et
1121 1439 1218 1502 multa

101 1550 253 1604 areensem
269 1541 432 1624 Cormpere
446 1562 485 1603 ec
497 1541 568 1604 solis
581 1539 696 1602 radiis.

185 1635 262 1700 210.
275 1658 322 1701 ur
337 1659 491 1700 unrrro
507 1632 703 1700 warenn.
716 1633 791 1698 Itali
802 1630 1140 1697 etBrixiensiseditio
1153 1655 1216 1697 nu-

105 1752 259 1800 nnnur.
339 1759 341 1770 ¹

188 1833 263 1897 213.
287 1855 361 1910 Qun
383 1855 563 1898 rucruur
591 1853 784 1896 rnauuns
812 1851 995 1894 rnnonns
1018 1850 1215 1894 conoass.

106 1927 245 2015 Fulgore
260 1931 467 1996 Veronensis
483 1929 604 1996 editio.
626 1936 719 1992 recte
733 1928 899 1992 Aventius
913 1948 987 1990 run
996 1949 1118 1990 conr:
1141 1949 1218 1992 nam

97 2025 226 2112 salpere
240 2029 408 2115 producte
418 2029 613 2093 Lucretium
626 2049 696 2090 non
712 2026 826 2090 dicere
837 2025 982 2090 vidimus
996 2023 1083 2089 libro
1097 2045 1129 2097 v,
1138 2025 1216 2088 768.

106 2144 244 2190 versum
258 2128 447 2210 proximum
461 2126 593 2189 Nonius
607 2124 713 2190 habet
726 2145 758 2206 p.
769 2123 839 2198 506,
857 2122 894 2186 12
906 2172 912 2185 .

192 2223 264 2287 216.
281 2243 528 2286 marmus.
543 2223 567 2284 Ι.
580 2223 616 2286 Β.
628 2223 710 2287 Pius
727 2243 945 2285 resonans.

195 2320 265 2385 217.
278 2341 355 2384 run
371 2342 463 2383 siun
478 2341 635 2384 raarno
648 2319 841 2384 Tannonn
856 2341 902 2381 rr
919 2339 1037 2382 sorus
1053 2339 1219 2382 nuncin.

109 2415 154 2480 Er
168 2439 318 2482 sourru
333 2416 517 2481 Marullus.
536 2415 769 2480 Wakefieldus
784 2437 859 2480 oum
873 2416 1024 2479 Antonio
1039 2415 1138 2479 Marii
1152 2415 1219 2480 filio

107 2518 212 2581 condis
219 2566 228 2596 ,
244 2515 342 2601 quasi
355 2516 390 2578 in
403 2515 470 2579 hoc
485 2534 608 2600 genere
621 2513 787 2599 quidlibet
801 2513 928 2578 andere
943 2514 1058 2578 liceat.
1073 2513 1220 2599 genetivi

107 2611 273 2680 innumeri
285 2621 380 2688 sunt,
395 2620 434 2677 ut
443 2616 534 2678 coniti
541 2661 550 2693 ,
563 2616 680 2692 macti,
692 2613 812 2677 maenti
819 2659 828 2692 ,
836 2614 942 2698 pandi
950 2637 961 2674 .·
974 2612 1118 2697 pluralia
1128 2613 1220 2676 nulla

109 2713 208 2786 novi,
227 2712 293 2778 nisi
297 2711 390 2802 flocti
404 2720 437 2776 et
450 2713 529 2776 versi
536 2759 545 2791 ,
569 2712 652 2776 etin
668 2710 813 2795 obliquis
828 2733 1001 2789 naamam,
1022 2712 1134 2790 omem,
1153 2733 1219 2796 spe-

109 2808 152 2871 cis
163 2857 171 2888 ,
194 2811 289 2897 setis,
316 2812 441 2889 caesim,
470 2831 557 2894 quae
577 2816 740 2873 notarunt
754 2807 885 2872 Nonius
905 2828 938 2891 p.
949 2807 1020 2881 487,
1031 2807 1071 2872 23
1086 2807 1158 2882 488,
1183 2807 1218 2870 11

109 2905 182 2982 489,
198 2909 217 2972 5
232 2908 334 2988 4928
355 2915 389 2991 et
403 2907 598 2977 Priscianus
619 2929 650 2990 p.
661 2905 742 2969 712.
767 2913 860 2968 errat
875 2904 1007 2968 Nonius
1031 2906 1065 2967 in
1079 2907 1220 2970 mercatis

195 3100 393 3179 219.Quon
412 3117 1220 3172 surusssr,nnrunsrnsn1rnoonsrsnr

109 3193 318 3269 Funnrnn,
332 3215 576 3258 nscnnanur
588 3215 740 3256 1crurr
752 3211 1078 3256 ruusravnronrs
1091 3194 1220 3258 Sroun

105 3311 332 3370 sorianus
352 3313 495 3356 onsvrs
511 3312 720 3355 nnnnnrrs
737 3312 933 3354 suasurus
948 3312 1085 3355 auius.
1101 3277 1233 3356 Alaotb

106 3391 244 3456 reddaris
256 3389 460 3476 quadratus.
472 3389 655 3455 Lambinus
666 3389 852 3454 rectissime
865 3411 915 3465 ou
923 3402 1117 3454 sarcolare
1125 3413 1221 3476 proe-

32 3567 37 3576 ·
111 3489 176 3552 dita
192 3499 339 3564 rorabat,
354 3496 392 3553 nt
407 3509 508 3552 versu
519 3488 596 3551 739.
612 3495 683 3552 tum
697 3511 811 3574 vapore
825 3488 980 3572 impressi
996 3509 1127 3552 omnes:
1146 3487 1222 3551 Itali

113 3595 148 3650 et
162 3587 329 3652 Marullus
351 3587 598 3651 declarabimus
618 3597 645 3650 et
658 3588 760 3650 inusta
780 3583 964 3670 (Marullus
978 3586 1034 3650 vel
1049 3584 1222 3650 Candidus

113 3686 222 3770 mista)
242 3707 356 3770 vapore
371 3683 487 3769 Siprw.
510 3683 572 3747 sed
587 3685 674 3748 ictus
687 3684 853 3759 fulminis,
875 3682 912 3748 id
927 3692 980 3747 est
995 3684 1115 3770 plaga,
1139 3705 1222 3768 quo·
1237 3745 1241 3759 ,

113 3784 215 3849 modo
238 3782 391 3846 declaret
412 3782 543 3866 igneam
572 3803 646 3845 esse
667 3781 813 3845 fulminis
838 3787 994 3844 naturam
1015 3801 1086 3843 non
1107 3777 1222 3842 video.

113 3881 345 3946 Wakefieldus
375 3879 538 3944 subbalbe
561 3901 600 3944 ac
622 3879 811 3944 subinsulse
839 3881 902 3942 ictu
922 3878 1077 3940 ιιιὸίιιιιιια
1103 3878 1225 3962 vaporis

116 3980 229 4066 Signo.
244 3980 393 4044 fortasse
404 3976 489 4041 latet
503 3975 631 4061 aliquid
644 3975 778 4040 doctius
788 4023 795 4049 ,
805 3973 873 4039 ¹sed
885 3972 1161 4057 simplicissimum
1172 3983 1225 4054 est

116 4079 175 4142 ictu
195 4101 214 4140 n
224 4100 301 4141 oon
322 4078 444 4153 inusta,
466 4076 589 4160 uaporis
603 4073 720 4159 Siprza,
741 4085 887 4159 actaeque
899 4073 1003 4156 praem
1017 4071 1148 4136 lucanus
1161 4073 1223 4135 sul-

112 4178 202 4259 puris
216 4196 362 4237 nuans.
378 4195 454 4237 nam
470 4197 564 4238 auras
579 4181 673 4236 recte
688 4171 871 4236 Marullus

161 4279 163 4286 ⁴
200 4271 270 4336 223.
293 4270 545 4335 Pasnrcnaa
569 4293 610 4334 sn
633 4292 895 4334 aconnnunr.
918 4267 993 4332 Itali
1013 4275 1048 4332 et
1061 4266 1226 4332 Marullus

117 4369 189 4434 sine
202 4391 302 4434 sensu
314 4391 373 4454 per
383 4393 430 4432 se.
445 4368 587 4434 Vossius
601 4375 635 4432 et
648 4366 879 4432 Wakefieldus
892 4388 938 4430 sa
948 4390 965 4429 a
975 4389 992 4430 n
1001 4389 1037 4440 a,
1053 4362 1146 4448 quod
1158 4361 1226 4425 sui-

120 4466 204 4531 licit.
