2990 5202
273 493 340 560 152
777 528 780 534 ·
803 489 850 558 lll

271 675 381 741 tores;
394 663 488 751 quod
499 671 620 729 contra
631 665 688 730 eici
698 671 734 728 et
744 665 844 751 qaoiei
855 667 982 728 testata
993 668 1074 726 sunt
1089 711 1096 725 .
1114 665 1289 748 nequod,
1309 685 1382 728 cum
1483 655 1484 696 ³

271 765 365 852 prior
380 763 512 850 syllaba
525 761 780 847 producitur,et
791 761 970 828 dicendum
982 768 1051 842 est,
1064 761 1220 846 quoniam
1235 760 1383 826 admittit
1483 793 1484 826 l

131 924 137 936 ,
272 861 463 936 elisionem,
479 869 517 926 ut
531 859 663 925 dicetur
682 859 726 924 ad
742 881 876 925 versum
890 859 971 924 374:
991 858 1105 942 aptius
1119 857 1297 945 pingemus
1310 859 1384 922 itai
1446 901 1454 920 .
1483 901 1484 904 κ

273 958 398 1044 duplici
414 1006 422 1036 ,
444 963 493 1045 ej,
512 958 550 1024 id
564 965 617 1024 est
631 959 693 1038 eis,
714 979 812 1044 quem
833 956 1017 1023 admodum
1030 955 1194 1020 Italorum
1206 977 1289 1040 pars
1303 977 1384 1041 pru-

273 1055 395 1122 denter
409 1058 562 1124 scribunt
573 1061 631 1142 yaj
642 1077 662 1120 a
676 1055 836 1144 singulari
847 1057 921 1142 poio
939 1102 948 1119 .
971 1075 1059 1141 quae
1079 1053 1198 1118 eadem
1212 1053 1384 1118 scribendi

273 1155 378 1220 arsin
397 1155 566 1221 Graiorum
586 1155 721 1220 nomine
738 1154 850 1218 locum
869 1153 998 1228 habet,
1020 1153 1096 1228 ita,
1123 1151 1208 1237 Graj
1217 1159 1253 1216 et
1269 1151 1385 1236 Crob,
1483 1177 1484 1192 ¹

273 1273 474 1338 quamquam
483 1252 707 1333 Terentiana,
718 1253 785 1318 boc
797 1261 850 1318 est
861 1251 982 1316 Mauro
993 1251 1156 1335 temporis
1164 1249 1384 1322 Diocletiani,

272 1371 369 1414 suum
384 1351 467 1416 Geta
479 1350 737 1416 concedendum
752 1356 823 1426 eat,
837 1371 901 1414 nac
915 1349 979 1413 nisi
992 1349 1027 1412 in
1041 1349 1152 1433 politis
1166 1348 1316 1433 antiquis
1331 1369 1385 1412 sa-

271 1449 316 1512 tis
331 1455 406 1512 tuto
421 1449 523 1515 scribi
535 1456 653 1533 potest
667 1449 811 1534 objciebot
826 1497 836 1530 ‚
858 1452 992 1533 eoajcare
1007 1495 1017 1528 ‚
1037 1448 1169 1532 aljano
1185 1495 1194 1527 ,
1214 1447 1245 1510 si
1265 1457 1302 1511 et
1321 1469 1383 1510 nu·

270 1567 384 1610 meros
395 1567 533 1611 servare
543 1547 698 1610 volumus
709 1553 745 1612 et
754 1544 926 1612 scribendi
937 1544 1239 1621 consuetudinem,
1260 1543 1385 1631 dequa
1483 1571 1484 1608 l

274 1643 343 1708 dixi
359 1643 404 1708 ad
420 1643 495 1708 Gaii
509 1665 625 1708 comm.
637 1665 686 1717 111,
695 1664 727 1727 p.
735 1642 798 1708 258
812 1691 820 1706 .
835 1642 897 1708 aad
913 1643 979 1707 bac
992 1641 1145 1728 longiore
1160 1643 1275 1707 littera
1289 1643 1318 1706 si
1333 1643 1385 1706 usi

275 1751 390 1806 essent
404 1741 554 1806 editores
570 1741 668 1806 Gellii
683 1763 727 1817 ιν,
739 1741 776 1804 17
788 1789 796 1816 ,
810 1740 905 1806 Festi
918 1762 951 1825 p.
961 1739 1098 1816 305‚25,
1109 1739 1210 1805 Nonii
1225 1762 1258 1825 p.
1269 1740 1384 1815 169.2‚
1483 1755 1484 1776 ¹

273 1860 393 1904 versus
407 1839 508 1903 Ennii
521 1839 587 1904 boc
602 1838 703 1904 modo
719 1833 984 1925 disposuissent,
992 1861 1054 1924 per
1067 1861 1121 1924 epo
1136 1839 1225 1902 mm
1237 1839 1385 1918 adlisus

273 1937 387 2021 sasbjoes
407 1936 554 2018 (luridas,
574 1937 655 2001 made
669 1937 766 2002 oritur
778 1937 876 2001 imber
888 1937 987 2001 aonias
1000 1957 1090 2000 saeuo
1104 1948 1133 2000 et
1145 1937 1256 2021 spiritis
1264 1961 1277 2019 ,·
1296 1955 1384 2021 quos
1483 1969 1484 1984 .

274 2034 321 2098 illi
342 2036 434 2121 turpi
455 2057 593 2115 errore,
610 2036 705 2120 quasi
721 2033 819 2100 Gellii
836 2034 1101 2119 disputationem
1114 2055 1183 2098 non
1204 2033 1383 2120 legissent,
1483 2017 1484 2040 ¹

273 2131 429 2198 fecerunt
441 2134 603 2201 iambicos
617 2135 789 2198 trimetros
801 2183 808 2198 .
820 2135 849 2199 ei
859 2153 939 2198 vero
954 2153 1140 2216 pronomen
1155 2153 1224 2196 non
1239 2134 1384 2204 scaenici

274 2231 338 2296 soli
352 2232 387 2296 in
401 2253 498 2297 unam
514 2232 680 2319 syllabam
695 2239 906 2298 contractum
922 2231 1138 2306 extulerunt,
1153 2229 1215 2294 sed
1231 2228 1384 2296 Catullus
1483 2225 1484 2266 l

275 2353 411 2416 quoque
425 2354 457 2417 p.
469 2331 548 2406 69,1
572 2330 707 2418 Eripere
725 2334 754 2397 ei
773 2332 836 2396 noli
850 2379 859 2410 ,
881 2335 915 2394 et
929 2327 1087 2393 Manilius
1108 2329 1204 2394 eidem
1218 2329 1254 2392 in
1268 2329 1384 2410 urta.

274 2429 336 2494 sed
352 2429 502 2494 Catullus
516 2430 581 2494 alio
596 2430 676 2500 loco,
688 2453 720 2516 p.
731 2429 782 2509 20,
796 2429 833 2492 12
854 2427 987 2493 duabus
1000 2451 1009 2504 ς
1028 2425 1086 2492 ubi
1104 2425 1284 2513 legendum
1298 2435 1383 2512 puto

275 2527 388 2591 Maon
402 2549 451 2590 me
470 2527 591 2590 Ιιονοιιῐε
611 2535 640 2590 ei
659 2538 688 2590 et
707 2525 854 2590 loboriou
870 2551 882 2589 .·
899 2525 1026 2589 namin
1039 2548 1087 2588 me
1105 2524 1226 2590 lamala
1239 2524 1384 2590 haeren-

275 2621 354 2686 dum
369 2643 438 2686 non
453 2631 522 2698 est,
537 2621 630 2709 quod
646 2643 849 2708 quamquam
863 2621 1043 2687 Terentius
1057 2621 1130 2686 sine
1144 2621 1284 2688 elisione
1299 2623 1385 2688 dixit

275 2728 309 2784 ct
330 2721 472 2786 Plautus
493 2722 527 2784 in
547 2721 740 2786 Mercatore
763 2743 807 2795 ιν,
819 2721 847 2794 7,
859 2720 900 2784 79
915 2767 923 2796 ,
936 2721 1069 2786 westie
1089 2720 1253 2806 scriptum
1275 2735 1330 2786 est
1350 2723 1384 2786 in

272 2817 430 2883 Mediceo
442 2819 559 2885 codice
570 2819 787 2906 epistularum
798 2817 970 2885 Ciceronis
981 2841 1131 2904 semper,
1142 2826 1181 2884 ut
1192 2818 1275 2884 dicit
1283 2819 1385 2887 Furia

273 2915 320 2982 ad
334 2916 455 2982 librum
469 2917 602 2993 v,10.1,
616 2919 764 3004 itemque
785 2919 893 3004 prima
907 2939 1007 2982 manu
1020 2917 1056 2980 in
1070 2916 1189 2982 codiee
1199 2917 1384 2985 Frontonis
1483 3001 1484 3008 ἵ

148 3041 151 3048 ·
274 3036 306 3099 ρ.
318 3015 376 3080 104
389 3017 468 3080 etin
479 3015 637 3082 Bobiensi
650 3017 889 3082 commentario
901 3017 1106 3082 Plancianae
1117 3038 1148 3101 p.
1158 3016 1198 3080 54
1209 3017 1280 3081 Mai
1295 3017 1384 3100 (256,

273 3114 314 3178 33
330 3112 424 3201 Or.),
435 3119 614 3199 praeterea
631 3115 808 3181 Phaedrus
823 3114 1036 3202 trisyllabum
1051 3115 1132 3179 fecit
1144 3115 1181 3178 in
1194 3137 1314 3182 versu.

355 3212 427 3278 232.
443 3212 580 3279 Tanos
595 3236 713 3278 nuru.
726 3213 908 3278 Correotor
922 3213 1059 3298 oblongi
1073 3211 1247 3278 Tsnvrs.

356 3311 425 3374 234.
442 3311 523 3398 Nnc
540 3333 757 3376 csaoansr
773 3333 1003 3388 Qorsoosu,
1024 3333 1091 3376 cur
1114 3333 1192 3376 nors
1209 3333 1384 3377 srrnrrx·

273 3430 293 3470 r
303 3429 347 3471 os
368 3427 415 3470 ar
435 3428 512 3470 sna
527 3455 534 3470 .
549 3408 595 3473 m
607 3430 670 3492 pro
686 3411 777 3472 etiam
793 3409 948 3494 quotiens
963 3408 998 3472 in
1012 3407 1240 3474 hocoarmine
1255 3411 1384 3476 invoni-

273 3511 330 3568 tur
344 3505 531 3587 (invenitnr
546 3511 657 3568 autam
672 3505 858 3592 rarissime)
874 3515 1068 3592 suspectum
1083 3516 1136 3572 est
1150 3509 1383 3592 corruptelae.

272 3600 330 3666 hic
353 3621 463 3685 neque
484 3601 529 3666 ad
550 3602 749 3668 sententiam
772 3605 950 3690 quicquam
965 3602 1098 3670 confert
1114 3613 1148 3670 et
1162 3605 1317 3671 facillime
1330 3629 1383 3672 re·

272 3699 401 3764 moveri
412 3707 528 3784 potest
542 3701 720 3766 scribendo
735 3705 786 3767 oui
800 3723 954 3767 nrxros
968 3725 1029 3768 oms
1043 3725 1134 3768 arar
1149 3715 1205 3768 aer
1219 3751 1227 3768 .
1245 3704 1283 3770 in
1296 3705 1384 3770 libro

273 3819 304 3873 v,
313 3798 372 3862 531
396 3807 550 3884 apertum
573 3809 627 3865 est
649 3807 783 3888 positam
805 3799 927 3866 fecisse
948 3800 983 3867 Ε
999 3803 1105 3888 quibas
1125 3827 1190 3867 ano
1211 3814 1312 3868 mmm
1329 3806 1386 3868 siet

272 3897 348 3961 Isaeo
361 3920 480 3984 quoque
494 3921 589 3963 carna
603 3912 746 3966 necessest
752 3949 761 3980 ,
773 3900 831 3966 ubi
846 3909 899 3964 est
912 3901 953 3964 sit
964 3911 992 3963 et
1004 3900 1081 3966 boec
1094 3923 1231 3988 pampus.

355 3994 564 4061 morsm
579 4019 703 4062 rossa
718 4019 796 4061 noas
811 4019 934 4061 rnrna
948 4019 1025 4062 sou
1040 4020 1271 4064 rnruonnrs
1283 4021 1382 4063 uua·

273 4115 478 4169 samonam
495 4141 503 4158 .
519 4094 678 4178 Impressi
694 4103 827 4160 veteres
842 4097 875 4159 in
889 4119 1026 4170 comm,
1038 4094 1101 4160 sed
1116 4097 1219 4160 semel
1233 4103 1385 4170 tantum,

273 4190 347 4254 Itali
361 4192 481 4256 interito
488 4241 498 4272 ,
514 4193 679 4257 Aventius
693 4195 727 4256 io
741 4203 872 4272 coelam,
890 4193 1055 4258 Marullus
1069 4194 1118 4260 ita
1132 4203 1171 4259 ut
1185 4194 1305 4262 debuit
1320 4243 1328 4258 .
1350 4196 1384 4258 in

156 4363 162 4374 Ι
272 4289 337 4354 fine
359 4289 546 4374 quadratus
566 4291 754 4378 masao-ri,
778 4289 945 4376 oblongus
965 4293 1227 4379 maltamqssoesi:
1246 4293 1385 4380 oblongi

272 4396 445 4452 corrector
459 4387 593 4474 egregio
606 4390 703 4454 multo
717 4411 871 4454 novari
883 4435 892 4466 ,
906 4387 1021 4476 itaqua
1035 4391 1203 4456 Antonius
1218 4389 1385 4457 Florenti·

271 4506 335 4550 uns
351 4492 386 4549 et
401 4484 480 4548 olim
493 4485 664 4571 impressi.
