3034 5204
274 479 346 548 224
810 480 862 549 VI

272 656 370 742 gleba
384 627 551 721 vetustate
567 675 585 718 5
599 662 689 719 55555
702 655 912 741 provolvitur
926 656 1058 742 ingene,

273 779 311 835 ut
324 771 465 835 iactetur
479 790 586 855 aquae
600 768 703 833 fluctu
718 791 853 856 quoque
868 779 959 835 terra
974 772 1148 849 vacillans3

201 904 249 949 555
272 896 309 952 55
324 907 383 952 555
398 885 485 950 inter
500 884 579 948 dum
592 905 661 947 non
677 885 749 970 quit
763 893 936 962 constare,
947 885 1009 949 nisi
1022 908 1118 951 umor

223 1015 225 1020 ·
273 1000 404 1065 destitit
415 1001 451 1064 in
466 998 568 1063 dubio
582 997 686 1064 fluctu
699 998 854 1063 iactarier
866 1001 972 1064 intus.
1168 977 1172 984 ⁵

312 1115 492 1180 Praeterea
505 1122 627 1178 ventus
642 1135 716 1178 cum
731 1136 792 1199 per
805 1115 881 1179 loca
894 1116 1042 1180 subcava
1056 1124 1165 1181 terrae
1184 1107 1185 1110 ¹
1281 1149 1284 1156 ·

272 1229 431 1294 collectus
446 1237 543 1315 parte
558 1249 600 1293 ex
613 1251 680 1294 una
693 1230 882 1317 procumbit
896 1238 930 1294 et
942 1202 1041 1317 urget

271 1343 413 1408 obnixus
427 1345 555 1430 magnis
569 1345 746 1430 speluncas
760 1346 887 1410 viribus
901 1345 1001 1420 altas,

199 1473 248 1524 560
269 1459 429 1523 incumbit
442 1459 540 1523 tellus
556 1479 623 1544 quo
639 1459 730 1523 venti
744 1480 853 1546 prona
867 1461 988 1546 premit
1001 1461 1068 1525 vis:

269 1581 339 1638 tum
354 1593 476 1657 supera
489 1583 612 1636 terram
627 1593 713 1658 quae
727 1580 806 1637 sunt
820 1581 974 1638 extructa
988 1573 1178 1652 domorum,

270 1686 314 1752 ad
330 1687 523 1771 caelumque
537 1688 641 1772 magis
657 1695 783 1772 quanto
799 1696 877 1752 sunt
891 1686 981 1752 edita
996 1709 1163 1777 quaeque,

268 1801 424 1867 inclinata
438 1809 549 1865 meant
562 1801 596 1864 in
611 1801 750 1898 eandem
765 1801 899 1888 prodita
913 1811 1057 1888 portem,

268 1923 527 2004 protractaeque
543 1916 654 1981 trabes
668 1915 854 2001 inpendent
866 1917 915 1980 ire
929 1927 1082 2005 paratae.

196 2045 245 2094 555
268 2039 302 2095 et
315 2038 467 2095 metuunt
480 2031 589 2116 magni
603 2037 755 2095 naturam
770 2030 908 2096 credere
923 2030 1037 2096 mundi

267 2145 398 2210 exitiale
413 2143 548 2230 aliquod
563 2153 695 2231 tempus
710 2145 904 2232 clademque
919 2168 1067 2223 manere,

266 2283 341 2326 uum
354 2260 491 2325 videant
505 2268 632 2325 tantam
646 2268 811 2325 terrarum
825 2260 1014 2326 incumbere
1028 2263 1147 2328 molem
1153 2266 1162 2328 1

267 2374 360 2461 quod
373 2376 437 2439 nisi
450 2374 617 2461 respirent
630 2377 738 2452 venti,
750 2375 800 2440 vis
814 2376 905 2440 nulla
919 2377 1065 2442 refrenet

263 2511 319 2554 res
333 2510 443 2576 neque
457 2489 499 2553 ab
515 2489 616 2553 exitio
632 2490 740 2575 possit
752 2491 1002 2575 reprehendere
1017 2495 1141 2558 euntis:

193 2619 242 2668 570
263 2626 352 2668 nunc
368 2603 446 2689 quia
459 2603 627 2688 respirant
640 2603 776 2667 alternis
790 2604 891 2689 inque
906 2616 1110 2690 gravescunt

266 2726 300 2783 55
314 2703 408 2803 quasi
423 2715 553 2780 collecti
568 2716 710 2782 redeunt
724 2717 916 2802 ceduntque
931 2720 1069 2803 repulsi,

265 2833 397 2918 saepius
411 2831 499 2896 hano
514 2831 557 2896 ob
573 2837 643 2894 'rem
656 2832 826 2896 minitatur
841 2839 931 2896 terra
944 2835 1056 2899 ruinas

264 2967 363 3032 quarn
377 2945 473 3011 facit:
483 2946 660 3010 inclinatur
674 2947 760 3010 enim
774 2955 934 3032 retroque
948 2949 1089 3027 recellit,

264 3070 299 3127 55
312 3061 431 3150 recipit
444 3062 603 3148 prolapsa
617 3083 695 3126 suas
709 3062 743 3126 in
758 3061 911 3147 pondera
925 3062 1039 3128 sedeo.

191 3192 240 3238 575
262 3175 326 3241 1555
339 3177 441 3263 igitur
454 3176 584 3241 ratione
598 3175 756 3240 vacillant
769 3178 879 3242 omnia
895 3185 985 3244 tecta

263 3312 390 3355 summa
403 3291 506 3374 magis
520 3289 653 3366 mediis,
665 3288 773 3354 media
787 3291 875 3366 imis,
887 3292 952 3355 ima
965 3293 1143 3379 perhilnm.

302 3403 365 3468 Est
379 3403 463 3468 haec
478 3403 632 3474 eiusdem,
641 3423 775 3488 quoque
789 3405 900 3488 magni
915 3427 1016 3470 causa
1029 3411 1198 3485 tremoris,

260 3526 381 3583 ventus
396 3517 453 3580 ubi
468 3526 569 3602 atque
583 3518 711 3580 animae
726 3517 836 3581 subito
851 3518 902 3582 vis
917 3521 1059 3586 maxima
1074 3524 1236 3610 quaedam

262 3640 320 3696 aut
335 3632 541 3696 extrinsecus
557 3633 615 3696 aut
628 3631 703 3716 ipsa
719 3631 836 3696 tellure
851 3645 969 3699 coorta

189 3763 237 3810 555
259 3747 292 3811 in
306 3747 382 3810 loca
396 3765 433 3810 55
449 3766 532 3810 5555
546 3747 647 3812 555551
661 3747 818 3822 coniecit,
829 3747 940 3833 ibique

261 3860 437 3946 speluncas
450 3861 537 3926 inter
552 3881 688 3947 magnas
702 3861 814 3925 fremit
828 3871 905 3927 ante
921 3865 1065 3929 tumultu

259 3975 540 4061 versabundaque
555 3985 726 4062 portatur,
737 3984 818 4065 post
830 3978 932 4043 incita
947 4001 1021 4043 cum
1034 3979 1084 4043 vis

261 4089 428 4174 exagitata
443 4089 534 4155 foras
550 4092 731 4177 erumpitur
746 4100 779 4156 55
794 4092 890 4157 simul
904 4093 1004 4158 altam

261 4375 310 4422 555
329 4368 448 4422 vacilles.
461 4369 472 4438 11
491 4375 539 4421 555
558 4369 620 4423 dum
637 4379 771 4427 omarum.
790 4372 800 4440 11
824 4377 873 4424 555
891 4389 984 4442 urges.
1003 4371 1013 4442 11
1034 4376 1201 4445 5655515555
1219 4377 1245 4429 in
1264 4375 1357 4431 eadem
1377 4379 1387 4450 11

261 4469 410 4523 .c.a.q.q.
429 4451 439 4521 11
458 4455 508 4505 568
526 4453 612 4506 555515
630 4453 701 4508 nulle
719 4453 856 4509 refremet.
876 4454 886 4526 11
905 4461 954 4510 582
973 4455 1150 4512 Versabundr
