2990 5202
682 437 729 508 111
1189 444 1258 514 183

136 631 248 675 versu
261 609 323 676 805
339 609 480 676 Innatum
493 611 526 676 ia
540 613 667 682 ootioilio
680 661 690 692 ‚
711 613 772 680 905
791 614 882 694 Quod
893 638 984 700 suaper
998 627 1041 680 eet
1052 665 1062 696 ,
1082 617 1144 684 949
1159 620 1258 710 Atque

134 709 235 774 ettam
251 757 260 788 ‚
280 708 345 772 nisi
366 707 460 794 quod
474 729 593 776 versus
608 711 669 776 905
691 712 725 775 in
741 711 888 799 oblongo
904 712 1027 782 litteris
1042 717 1256 784 currentibus

133 806 291 890 seriptus
303 801 371 882 est.
382 806 445 872 949
455 808 642 896 66ᾳί66666
654 817 691 874 66
701 810 915 877 currentibus
923 814 1096 897 permixtis
1106 813 1156 880 ‚in
1167 815 1254 885 libro

132 913 266 990 quarto
277 905 397 990 quinto
408 913 575 991 sextoque
585 906 686 972 huius
696 906 789 972 modi
800 909 1079 978 nihiliuvenitur:
1091 911 1254 997 deprimo

130 1011 175 1070 et
190 1002 343 1068 seeundo
359 1003 428 1068 dixi
444 1004 488 1069 ad
503 1027 538 1079 ιι,
547 1004 604 1068 42.
1245 1075 1248 1082 ,

225 1101 296 1168 766.
318 1101 388 1166 Sro
416 1120 574 1168 Arruns
602 1127 794 1170 6666666666
816 1127 967 1170 oretur
996 1129 1038 1170 ru
1066 1129 1270 1174 conronn‘

124 1221 318 1268 surtran.
332 1201 372 1268 Io
386 1224 571 1270 corrosa
584 1210 759 1270 oorreotor
774 1203 933 1288 quadrati
948 1211 983 1269 et
995 1203 1073 1268 Itali
1086 1213 1166 1270 ante
1180 1207 1253 1272 Ma·

122 1297 279 1366 nullum.
292 1299 364 1364 Sne
379 1299 469 1366 idem
482 1300 664 1366 Marullus.

223 1397 295 1462 763.
318 1397 456 1463 Sinon
472 1421 599 1466 ossae
615 1421 802 1478 suooore
818 1421 965 1465 66666666
981 1421 1252 1477 snururooua.

125 1497 230 1562 Huio
240 1495 371 1572 versui,
380 1517 480 1582 quem
491 1497 672 1564 delendum
687 1519 762 1564 esse
777 1519 832 1563 res
846 1498 922 1583 ipsa
938 1497 1076 1575 elamat,
1087 1497 1252 1564 Marullus

125 1615 214 1660 eum
230 1593 386 1658 subicere
400 1593 517 1660 maluit
531 1595 589 1680 qui
602 1595 711 1670 buno,
726 1596 785 1661 ubi
800 1617 862 1660 suo
877 1595 953 1660 looo
968 1595 1101 1680 positus
1116 1606 1169 1662 est
1179 1643 1188 1673 ,
1199 1619 1252 1662 se-

124 1693 255 1779 quitur
265 1693 326 1757 747
336 1701 423 1770 ‚tum
436 1699 619 1779 utrumque
632 1693 812 1759 collocavit
824 1701 906 1778 post
920 1715 996 1758 eum
1007 1715 1105 1780 quem
1115 1694 1192 1760 libri
1207 1696 1250 1760 ab
1361 1741 1366 1750 ·

123 1793 202 1857 hoo
219 1793 409 1876 proximum
424 1791 570 1868 faciunt,
580 1793 676 1858 ouius
689 1793 890 1879 principium
902 1787 957 1858 est
971 1793 1041 1858 Neo
1056 1804 1118 1858 tam
1133 1795 1249 1860 666766.

122 1899 205 1958 tam
221 1910 359 1954 oaeoum
374 1889 494 1956 duoem
508 1899 640 1956 ceteros
654 1890 751 1977 sequi
764 1889 940 1976 indignor.
1070 1973 1074 1983 .

221 1988 293 2054 764.
315 1988 399 2054 Nao
429 2010 506 2052 rau
536 2010 691 2056 noeros
721 2011 823 2066 none
854 2011 1010 2054 rannus
1036 2037 1044 2054 .
1070 1991 1121 2054 Ne
1141 1990 1251 2074 prima

121 2107 238 2154 manu
260 2086 427 2173 oblongus
450 2134 457 2151 .
480 2098 580 2152 toalea
608 2086 826 2172 quadratus.
850 2109 1004 2153 suanos
1029 2087 1107 2152 Itali
1134 2094 1170 2151 et
1189 2088 1249 2150 im·

149 2205 263 2252 66666.

121 2209 147 2272 p
219 2281 291 2345 765.
305 2301 470 2345 unsrun
481 2330 488 2345 .
500 2281 578 2346 Hoo
593 2281 769 2346 oonlirmat
782 2281 966 2348 Diomedes
980 2305 1013 2368 p.
1027 2281 1106 2347 334:
1118 2282 1249 2348 Nonius

121 2405 159 2469 p.
175 2378 278 2454 181‚5
293 2390 418 2444 6666666.
434 2400 513 2443 mox
529 2378 716 2464 quadratus
735 2379 934 2467 Consuyiant.

218 2475 351 2541 775.ar
366 2499 447 2541 rore
463 2500 565 2542 suur
581 2499 836 2542 6666666666
857 2500 963 2542 unna
985 2500 1161 2542 66666666
1181 2527 1188 2542 .
1209 2477 1248 2544 In

123 2578 285 2663 oblongo
301 2582 491 2644 correctum
504 2623 512 2651 ‚
534 2583 569 2642 et
583 2573 731 2641 fortasse
745 2597 848 2642 manu
862 2577 970 2660 prima
986 2624 996 2655 ,
1014 2587 1084 2640 suot
1097 2599 1246 2642 innon-

124 2697 252 2742 rum.
273 2673 308 2738 in
324 2671 438 2738 Ovidii
458 2673 680 2759 metamorph.
698 2695 753 2749 xv,
765 2673 823 2738 139
845 2682 938 2738 66666
959 2682 1065 2761 agunt
1085 2674 1144 2758 qui
1165 2673 1248 2738 sori-

122 2771 283 2844 bendum
302 2772 455 2838 iudioant
467 2773 594 2838 Audelis
612 2773 692 2838 66666
702 2795 799 2858 qoam
819 2772 1011 2851 immortale,
1031 2771 1089 2836 ubi
1111 2770 1247 2836 oodioes

123 2872 309 2940 omortote.

214 2967 288 3033 784.
309 2989 390 3032 non
412 2987 603 3040 arenosa
628 2987 668 3028 ru
690 2985 794 3028 auro
815 2963 929 3028 Nune
952 2985 1046 3028 6666
1071 2987 1246 3041 eunoun.
1316 3035 1325 3054 ι

123 3068 227 3136 Infra
248 3065 283 3128 in
305 3064 390 3128 libro
413 3085 452 3137 v,
478 3063 538 3126 ubi
557 3061 592 3124 bi
613 3081 734 3125 versus
754 3062 944 3135 iterantur,
961 3059 1019 3122 129
1040 3083 1102 3125 666
1116 3084 1247 3148 aequore

124 3181 262 3234 samso
281 3160 421 3226 Nonas
442 3183 504 3226 6666
522 3169 635 3245 queant
656 3205 663 3222 .
693 3157 760 3222 hoo
779 3156 1041 3242 praeferendum
1063 3165 1145 3233 est,
1168 3157 1248 3242 quia

123 3269 237 3353 poeta
252 3281 367 3346 aequor
379 3260 494 3324 soleam
508 3257 711 3344 aliquotiens
727 3255 835 3337 (lixit,
850 3257 945 3320 676666
958 3276 1155 3340 numquam.

213 3357 287 3424 789.
309 3379 486 3422 nouorus
509 3379 601 3422 assa
624 3405 632 3422 .
654 3354 733 3424 Non
763 3355 861 3421 aliter
881 3355 1045 3438 seriptum
1065 3354 1100 3418 in
1128 3375 1159 3430 v,
1171 3353 1246 3418 133.

125 3461 193 3530 sed
215 3463 312 3524 reete
331 3449 484 3541 ‘quidam
504 3455 613 3521 doeti'
626 3454 719 3541 apud
740 3454 939 3520 Lambiuum
958 3474 1170 3518 nonorrsn
1184 3499 1193 3527 ‚
1207 3457 1247 3516 ut

124 3579 232 3626 versu
249 3553 329 3618 676.

163 3705 169 3716 .
212 3653 286 3736 790.
304 3652 418 3732 Qnoo
440 3673 475 3718 66
496 3674 665 3728 Possm,
687 3652 786 3716 anim
805 3670 938 3716 usuro
954 3671 1096 3714 rarus.
1118 3647 1244 3713 Wake-

126 3753 252 3820 fieldus
275 3735 356 3816 oum
373 3750 443 3814 suis
464 3749 598 3816 soloeoe
623 3751 713 3831 Qrtod
731 3752 759 3814 si
775 3759 875 3836 posset
895 3749 975 3814 6666
995 3796 1004 3828 ,
1028 3748 1120 3811 multo
1136 3747 1244 3831 66666.

127 3853 266 3938 priores
281 3869 357 3914 oum
370 3846 516 3912 Marullo
532 3845 601 3914 Hoc
614 3849 641 3912 st
647 3859 750 3933 posset
763 3847 861 3925 6666,
873 3843 967 3930 quod
982 3850 1075 3907 66666
1088 3841 1246 3906 Latinum

129 3957 183 4016 est
197 3997 205 4014 .
222 3947 331 4034 siquis
345 3946 395 4011 ita
408 3953 448 4011 ut
462 3966 567 4030 supra
580 3943 647 4010 faoi
661 3944 866 4030 distinguat,
882 3943 963 4008 enim
977 3939 1245 4015 adversativum,

130 4047 174 4112 de
190 4069 259 4133 quo
271 4045 440 4112 nonsatis
456 4043 615 4109 distinme
627 4042 697 4130 egit
707 4040 861 4106 Handius
876 4040 912 4105 in
923 4038 1103 4104 Tursellini
1113 4046 1206 4103 tomo
1219 4059 1245 4101 11

129 4167 162 4230 p.
171 4145 233 4210 397
249 4193 258 4221 ‚
272 4145 310 4208 in
324 4142 467 4229 apodosi
481 4141 594 4207 looum
607 4139 736 4206 habere
750 4160 820 4203 non
834 4136 970 4204 videtur
985 4185 992 4200 .
1015 4137 1119 4202 miror
1134 4143 1246 4201 eutem

132 4242 278 4308 eundem
300 4239 470 4306 Handium
493 4238 626 4306 Gifauio
648 4238 786 4323 eiusque
807 4235 970 4302 similibus
992 4233 1132 4300 eredere
1151 4233 1187 4298 in
1205 4230 1244 4294 li-

131 4341 195 4405 bro
211 4363 247 4406 vr
261 4339 412 4406 Lueretii
429 4339 506 4404 1277
522 4340 571 4404 sio
587 4336 872 4424 distinguentibus
887 4383 895 4412 ‚
910 4336 990 4400 mim
997 4355 1145 4420 promen
1158 4329 1245 4393 dolor

134 4437 322 4524 numerabat
339 4485 348 4518 ‚
369 4437 570 4522 praesertim
585 4457 660 4502 oum
673 4434 787 4504 Plauti
801 4431 1021 4500 Nervolariae
1035 4453 1077 4496 ex
1090 4425 1246 4492 Varrone
