2946 5188
586 501 633 570 III

13 693 36 740 10
53 697 114 739 non
128 675 193 738 alio
209 680 309 760 pacto
326 695 424 760 quam
440 675 467 738 si
477 724 484 751 ‚
495 695 557 759 pes
573 695 647 738 cum
661 674 754 741 dolet
768 680 872 763 aegri,

54 791 83 853 in
96 789 184 852 nullo
201 795 302 877 caput
314 790 444 854 interea
457 789 501 854 sit
514 787 603 853 forte
618 789 749 855 dolore.

55 912 220 989 praeterea
234 903 324 968 molli
339 925 414 968 oum
430 924 547 968 somno
563 902 678 970 dedita
692 907 839 971 membra

56 1018 251 1102 effusumque
263 1019 352 1083 iacet
366 1018 438 1082 sine
452 1039 553 1082 sensu
568 1041 691 1104 corpus
706 1019 903 1096 honustum,

56 1139 100 1196 est
112 1130 201 1196 aliud
215 1141 326 1196 tamen
340 1134 374 1196 in
388 1133 485 1198 nobis
500 1133 594 1218 quod
609 1143 760 1220 tempore
773 1137 807 1198 in
821 1135 877 1199 illo

16 1263 38 1308 15
55 1244 247 1312 multimodis
262 1247 407 1332 agitatur
422 1255 456 1311 et
470 1247 576 1310 omnis
591 1249 713 1334 accipit
726 1251 760 1313 in
776 1271 812 1314 se

56 1362 189 1426 laetitiae
203 1371 316 1426 motus
331 1374 366 1426 et
380 1383 478 1426 cures
494 1361 606 1427 cordis
620 1364 740 1428 inanis.

55 1497 132 1540 nunc
145 1477 288 1540 animam
303 1496 437 1561 quoque
451 1479 538 1541 utin
552 1478 707 1543 membris
722 1499 926 1563 cognoscere
941 1482 1050 1567 possis

57 1611 136 1666 esee,
147 1611 258 1676 neque
273 1589 446 1655 harmonia
461 1613 583 1677 corpus
598 1593 742 1656 sentcire
757 1593 882 1668 solere,

56 1704 207 1790 principio
222 1704 261 1768 fit
273 1705 322 1768 uti
338 1703 490 1771 detracto
506 1728 649 1793 corpore
664 1707 767 1771 multo

13 1833 40 1878 tn
56 1840 142 1904 saepe
156 1827 268 1883 tamen
283 1821 381 1885 nobie
394 1818 429 1884 in
443 1821 598 1885 membris
612 1822 682 1886 vita
695 1831 859 1886 moretur:

57 1941 144 2019 atque
158 1932 278 1998 eadem
292 1913 439 2010 narsum,
452 1955 525 2000 cum
540 1956 686 2021 corpora
698 1957 807 2022 pauca
821 1938 940 2002 caloris

58 2046 201 2134 diffingere
217 2047 377 2134 forasque
391 2070 452 2133 per
467 2071 506 2114 os
522 2059 574 2115 cst
588 2049 698 2114 editus
713 2057 784 2127 aer,

59 2161 169 2228 deserit
183 2163 353 2249 externplo
368 2184 472 2228 venas
487 2171 589 2249 atque
604 2185 684 2228 ossa
697 2165 871 2250 relinquit;

59 2299 182 2342 noscere
197 2286 238 2342 ut
251 2277 330 2341 hinc
345 2278 456 2363 possis
469 2299 536 2342 non
551 2298 676 2362 aequas
693 2279 802 2342 omnia
815 2280 922 2363 pertis

14 2405 43 2449 nt
59 2413 183 2478 corpora
197 2392 325 2457 habere
339 2413 449 2477 neque
464 2413 506 2455 ex
521 2413 630 2478 aequo
643 2391 761 2456 fulcire
776 2392 930 2466 salutem,

59 2507 109 2570 sed
120 2509 226 2596 magis
239 2507 340 2586 hece,
351 2507 443 2572 venti
458 2528 544 2593 quae
560 2515 639 2572 eunt
653 2505 818 2593 calidique
832 2508 968 2594 vaporis

60 2623 182 2698 semina,
195 2643 315 2687 curare
329 2623 363 2685 in
378 2623 532 2686 membris
546 2631 584 2686 ut
598 2621 667 2687 vita
680 2629 845 2686 moretur.

62 2747 102 2800 est
114 2739 210 2824 igitur
225 2739 317 2802 calor
332 2759 372 2801 ac
385 2745 505 2802 ventus
518 2737 628 2802 vitalis
642 2738 676 2801 in
690 2737 765 2824 ipso

61 2872 203 2937 corpore,
216 2853 271 2936 qui
286 2850 384 2916 nobie
397 2851 615 2918 moribundos
631 2850 757 2916 deserit
770 2859 881 2914 crtus.

18 2975 46 3022 nt
62 2973 267 3054 quapropter
282 2967 436 3051 quoniam
454 2973 508 3030 est
522 2966 620 3030 animi
635 2972 756 3028 natura
768 2971 904 3049 reperte

62 3089 147 3164 atque
160 3083 289 3145 animae
304 3081 400 3166 quani
414 3101 494 3165 pars
508 3077 667 3154 hominio,
678 3075 784 3141 redde
798 3076 981 3140 harmoniai

64 3215 180 3272 nornen,
192 3194 237 3260 ad
253 3195 430 3280 organicos
445 3193 512 3258 alto
529 3192 676 3256 delatum
690 3190 860 3267 Helieoni3

64 3309 118 3372 sire
131 3308 265 3374 aliunde
279 3309 343 3395 ipsi
357 3331 460 3395 porro
476 3317 609 3372 traxere
625 3307 706 3371 etin
720 3305 807 3369 illam

64 3425 306 3499 transtulerunt,
316 3425 453 3509 proprio
469 3444 554 3509 quac
569 3431 639 3488 tum
653 3441 708 3484 res
722 3419 854 3484 nomine
869 3419 1005 3503 egebat.

23 3543 49 3590 ni
65 3537 209 3624 quidquid
224 3537 260 3602 id
275 3547 327 3603 est
337 3588 344 3614 ,
355 3538 518 3603 habeant:
529 3545 567 3602 tu
582 3544 695 3600 cetera
710 3535 843 3621 percipe
859 3531 965 3596 dicta.

96 3650 185 3718 Nunc
201 3653 344 3717 animum
359 3661 461 3738 atquc
476 3652 615 3716 animem
631 3648 708 3714 dico
724 3649 903 3714 coniuncta
917 3649 1024 3711 teneri

66 3764 135 3829 inter
149 3791 184 3832 se
200 3777 302 3852 atque
316 3787 416 3830 unam
430 3775 583 3831 naturam
598 3764 761 3828 conficere
777 3784 819 3826 ex
834 3783 887 3836 se,

67 3879 114 3942 sed
126 3893 224 3969 caput
240 3903 315 3947 esse
330 3880 425 3967 quasi
441 3888 475 3945 et
490 3878 652 3944 dominari
665 3878 700 3941 in
716 3897 858 3963 corpore
872 3881 945 3939 toto

67 3996 218 4061 consilium
230 4046 237 4072 ‚
250 3995 343 4082 quod
357 4017 421 4060 nos
435 3995 578 4058 animum
592 4003 802 4077 mentemque
817 4009 988 4054 vocamus,

26 4111 52 4156 1³⁴¹
67 4103 151 4192 itique
164 4111 264 4174 situm
278 4111 388 4176 media
402 4109 537 4195 regione
552 4109 586 4172 in
601 4106 749 4193 pectori·
763 4105 895 4170 haeret.

69 4215 109 4284 hic
122 4225 246 4290 exultat
261 4226 347 4290 enirn
362 4245 469 4313 pavor
484 4245 523 4288 ac
538 4231 663 4298 metus,
675 4221 760 4285 haec
775 4221 848 4284 loca
863 4218 984 4282 circum

69 4387 249 4404 -n—-—

73 4469 109 4518 118
125 4471 227 4526 interire
244 4474 255 4542 ΙΙ
277 4479 325 4524 132
345 4471 400 4524 altu
417 4471 428 4539 ΙΙ
449 4475 495 4522 tet
515 4469 542 4521 id
559 4476 692 4524 mutum.
750 4513 754 4522 .
