2970 5268
250 450 319 518 108
787 452 835 521 llI

244 625 388 711 frigore,
398 645 474 689 cum
487 645 616 689 summo
630 625 731 710 gelidi
746 626 848 690 cubet
861 646 1010 711 aequore
1024 627 1112 702 saxi,

245 740 399 826 urgerive
413 761 560 827 superne
574 740 733 804 obtritum
748 739 899 827 pondere
914 747 1041 804 terrae.

283 849 361 918 ‘Irun
374 855 440 918 iam
453 875 522 919 non
537 851 658 918 domus
672 855 815 941 accipiet
828 863 863 920 te
877 855 983 930 nen,
993 875 1102 941 noque
1117 877 1205 921 uxor

170 987 221 1034 89⁵
244 970 370 1055 optimu
382 990 446 1033 nec
460 967 575 1032 dulces
590 976 770 1034 occurrent
784 969 899 1034 oscula
913 969 982 1033 noti

245 1085 435 1171 praeripere
450 1091 485 1148 et
497 1084 600 1148 tecite
613 1093 733 1168 pectus
749 1081 926 1149 dulcedine
942 1091 1098 1170 tangent.

243 1221 312 1264 non
326 1199 454 1284 poteris
467 1197 565 1262 factis
579 1196 775 1264 florentibus
790 1219 864 1262 esse
873 1247 881 1272 ‚
891 1200 1026 1284 tuisque

243 1311 462 1400 praesidium.
474 1313 595 1377 misero
609 1313 738 1377 misere’
751 1313 844 1378 siunt
856 1307 975 1376 ‘omnis
989 1311 1115 1378 ademit

243 1449 311 1493 une
325 1426 397 1492 dics
410 1427 533 1492 infesta
543 1427 607 1492 tibi
620 1437 674 1492 tot
688 1428 835 1515 praemia
849 1427 963 1491 ritae!

169 1559 222 1606 eoo
245 1542 328 1608 illud
340 1543 374 1606 in
388 1542 442 1607 his
456 1542 557 1606 rebus
572 1563 640 1606 non
654 1540 803 1617 addunt,
815 1536 887 1606 'nec
902 1543 962 1607 tibi
976 1563 1089 1606 cerum

243 1659 308 1722 iam
322 1655 523 1721 desiderium
536 1678 648 1721 rerum
661 1677 763 1742 super
776 1656 900 1722 insidet
912 1677 980 1721 une
988 1659 1005 1720 .’

245 1769 337 1858 quod
352 1771 438 1836 bene
453 1771 481 1835 si
495 1771 632 1836 videant
645 1774 755 1836 animo
770 1771 936 1858 dictisque
951 1781 1149 1857 sequentur,

244 1885 431 1952 dissoluant
445 1887 542 1950 enimi
556 1907 678 1972 magno
692 1908 730 1951 se
744 1907 870 1973 angore
883 1895 1058 1972 metuque.

242 2013 280 2067 tu
294 2001 430 2088 quidem
443 2011 481 2066 ut
496 2023 532 2065 es
546 2001 614 2065 leto
629 2004 777 2088 sopitae,
789 2002 837 2066 sic
852 2002 917 2066 eris
932 2003 1006 2066 aeri

167 2135 217 2180 sos
241 2115 335 2203 quod
350 2137 452 2203 super
466 2123 519 2180 est
533 2117 661 2182 cunctis
677 2117 819 2202 privetu’
834 2115 1008 2182 doloribus
1023 2117 1149 2202 aegris:

241 2241 353 2298 atnoe
368 2231 525 2297 horrifico
541 2231 739 2297 cinefactum
753 2237 788 2296 te
803 2254 910 2318 prope
924 2232 1024 2297 busto

240 2347 470 2412 insatiabiliter
485 2345 695 2422 deflevimus,
706 2357 943 2432 aeternumque

242 2462 332 2526 nulla
346 2460 419 2524 dies
432 2461 530 2524 nobis
545 2481 723 2526 memorem
738 2483 756 2526 e
773 2471 911 2548 pectore
925 2459 1052 2526 demet.

241 2574 323 2639 illud
338 2575 381 2640 nb
395 2573 461 2639 hoc
475 2574 576 2660 igitur
590 2575 818 2659 quaerendum
834 2585 902 2650 est,
914 2575 996 2661 quid
1010 2577 1055 2640 sit
1068 2577 1169 2640 emori

168 2708 220 2754 919
242 2699 336 2755 teuto
352 2711 473 2775 opere,
484 2687 529 2752 ed
543 2711 695 2754 somnum
710 2691 738 2754 si
753 2712 808 2754 res
824 2689 1029 2777 redibatque
1044 2693 1201 2777 quietern,

242 2827 302 2870 cnr
316 2803 492 2891 quisquam
507 2811 643 2870 aeterno
659 2807 768 2891 possit
781 2806 954 2870 tabescere
969 2804 1077 2870 luctu.

284 2921 361 2986 Hoc
375 2919 471 2984 etiam
486 2918 614 2985 faciunt
627 2921 683 2986 ubi
698 2920 897 2988 discubuere
911 2928 1093 3005 tenentque

242 3035 364 3123 pocula
377 3056 478 3122 saepe
492 3035 644 3100 homines
659 3046 694 3102 et
705 3039 899 3102 inumbrant
913 3057 973 3101 ora
987 3035 1138 3108 coronis,

242 3174 284 3217 ex
298 3152 407 3216 animo
422 3159 461 3214 ut
475 3149 590 3216 dicent
601 3146 723 3218 ‘brevis
738 3153 793 3218 hic
808 3162 860 3218 est
874 3153 1003 3216 lrucbrs
1017 3149 1188 3214 homullis:

167 3284 218 3330 ort
240 3269 304 3331 iam
318 3267 435 3340 fuerit,
446 3287 556 3350 neque
569 3277 651 3350 post
665 3287 821 3352 umquem
834 3285 994 3330 revocare
1008 3265 1121 3328 licebit
1128 3265 1144 3326 .’

241 3389 309 3446 tem
324 3402 423 3466 quam
438 3380 471 3442 in
485 3391 593 3444 morte
608 3380 683 3444 meli
699 3403 773 3445 oum
789 3382 902 3466 primis
917 3381 984 3445 hoc
998 3379 1042 3443 sit
1056 3400 1189 3450 eorum,

242 3494 336 3581 quod
349 3494 421 3557 sitis
436 3501 555 3558 exuret
568 3495 709 3558 miseros
724 3503 826 3579 etque
840 3494 936 3560 eride
950 3505 1079 3565 torres,

241 3617 301 3674 aut
314 3609 397 3674 aliae
412 3610 505 3673 euius
522 3606 723 3674 desiderium
735 3608 880 3674 insideat
894 3613 957 3675 rei.

241 3746 303 3790 nec
317 3724 380 3789 sibi
395 3725 481 3787 enim
496 3725 674 3809 quisquam
688 3733 759 3788 tum
772 3747 809 3788 se
824 3727 992 3811 vitemque
1006 3725 1160 3809 requirit,

167 3855 218 3924 oro
239 3861 315 3903 cum
329 3840 455 3926 pariter
469 3860 563 3902 mens
579 3848 614 3904 et
628 3861 752 3927 corpus
767 3842 878 3926 sopita
892 3841 1084 3927 quiescunt:

241 3976 317 4020 uem
331 3954 409 4018 licet
423 3963 596 4020 aeternum
610 3977 671 4042 per
685 3977 748 4020 nos
762 3957 810 4020 sic
826 3977 900 4018 esse
915 3975 1087 4039 soporem,

243 4091 305 4134 nec
318 4068 522 4134 desiderium
536 4071 643 4135 nostri
657 4093 720 4137 nos
735 4069 847 4134 adlicit
862 4069 976 4132 ullum:

243 4352 435 4406 brachiotum
462 4350 473 4420 ΙΙ
500 4354 621 4404 99111111
650 4355 659 4418 ξΙ
684 4361 732 4406 891
751 4353 813 4406 sacri
842 4355 850 4419 ,1
879 4359 927 4402 999
947 4353 1008 4416 Quo
1036 4355 1046 4422 ΙΙ
1072 4361 1121 4405 999
1139 4353 1225 4405 rincru
1243 4351 1344 4404 facturn
1365 4355 1374 4420 gl

243 4441 293 4488 908
311 4443 337 4488 ct
355 4433 365 4502 ΙΙ
385 4441 434 4487 919
453 4451 482 4487 se
500 4433 510 4502 [1
530 4443 579 4488 911
598 4434 692 4489 fluctus
713 4439 722 4503 ’1
741 4441 790 4488 917
809 4443 909 4486 torret.
929 4433 938 4481 Ι1
958 4440 1007 4486 919
1026 4437 1156 4504 requiret.
1176 4437 1253 4504 11922
1273 4435 1358 4504 adigit
