3034 5204
270 449 340 518 236
808 443 860 514 VI

312 618 414 701 Quod
428 641 529 707 super
544 628 612 696 est,
623 640 723 706 agere
737 619 891 704 incipiam
907 641 974 704 quc
989 620 1127 684 foedere
1141 619 1200 684 fist

252 816 255 822 Ι
269 743 409 800 naturae
419 783 426 810 ‚
438 735 522 822 lapis
536 735 592 798 hic
606 741 645 799 ut
659 733 782 798 ferrum
798 733 921 799 ducere
936 735 1057 821 possit,
1116 736 1118 740 ’

271 872 368 935 quem
383 850 543 936 Magneta
559 855 682 914 vocant
695 849 805 933 patrio
821 846 864 911 de
878 850 1011 913 nomine
1027 849 1122 924 Grai,

269 964 462 1051 Magnetum
478 963 556 1050 quia
569 965 607 1029 fit
621 963 738 1049 patriis
752 964 786 1026 in
800 963 920 1027 finibus
936 971 1026 1028 ortu.

198 1096 247 1143 910
269 1079 359 1143 hunc
373 1079 524 1142 homines
539 1077 683 1165 lapidem
697 1077 875 1141 miranturt
888 1077 1012 1164 quippe
1027 1085 1181 1142 catenam

270 1215 371 1280 saepe
386 1213 427 1257 ex
443 1192 558 1256 anellis
571 1191 686 1258 reddit
701 1187 924 1279 pendentibus
940 1213 1042 1256 exse.

272 1308 419 1393 quinque
434 1307 555 1372 etenim
570 1307 649 1372 licet
661 1308 747 1371 inter
762 1306 841 1372 dum
856 1307 1037 1394 pluresque
1050 1305 1166 1371 videre
1234 1349 1248 1369 .

271 1421 389 1486 ordine
405 1421 567 1486 demissos
581 1421 711 1485 levibus
725 1421 878 1486 iactarier
893 1421 998 1495 9999,

269 1557 356 1600 9999
370 1537 428 1600 ubi
443 1557 486 1599 ex
499 1557 567 1600 uno
583 1533 753 1621 dependet
767 1543 884 1622 supter
899 1534 1101 1611 9919999999,

198 1669 247 1714 919
271 1671 312 1714 ex
327 1650 459 1735 alioque
475 1649 557 1714 91199
572 1647 693 1734 lapidis
708 1650 774 1714 vim
788 1650 963 1736 vinclaque
977 1651 1105 1714 noscit:

270 1785 377 1849 usque
392 1763 479 1828 adeo
494 1771 729 1850 permanenter
742 1763 793 1828 vis
807 1764 963 1849 pervolat
980 1765 1064 1828 eius.

311 1877 387 1942 Hoc
401 1899 506 1964 genus
519 1878 555 1942 in
568 1878 669 1942 rebus
683 1876 915 1943 firmandumst
928 1879 1031 1943 multe
1045 1879 1137 1964 prius
1153 1900 1250 1964 quam

269 1993 373 2078 ipsius
387 1991 437 2056 rei
451 1992 613 2057 rationem
628 1991 771 2056 reddere
785 1993 914 2079 poesie,

271 2114 305 2171 et
319 2108 451 2172 nimium
465 2107 574 2193 longis
589 2107 782 2193 ambagibus
798 2116 850 2173 est
865 2107 1069 2186 adeundum3

198 2237 248 2285 920
270 2243 338 2306 quo
355 2221 458 2306 magis
473 2229 620 2286 attentes
634 2223 723 2286 auris
739 2222 948 2309 animumque
962 2244 1120 2310 reposco.

312 2335 479 2421 Principio
496 2337 648 2402 omnibus
663 2337 705 2401 eb
720 2337 838 2414 rebus,
850 2313 1091 2424 quascumque
1105 2337 1270 2412 videmus,

271 2458 434 2536 perpetuo
449 2449 552 2514 fluere
567 2472 606 2516 99
620 2452 705 2515 mitti
720 2454 900 2538 spargique
914 2465 1088 2518 necessest

272 2585 415 2649 corpore
430 2585 516 2649 quae
530 2564 652 2630 feriant
667 2566 783 2630 oculos
797 2566 970 2652 visumque
984 2568 1168 2632 1999999999

270 2685 503 2765 perpetuoque
517 2678 625 2742 fluunt
639 2678 739 2742 certis
754 2678 796 2743 ab
811 2679 911 2743 rebus
927 2680 1066 2757 odores3

199 2810 249 2856 999
270 2791 375 2878 frigus
390 2799 428 2856 ut
442 2813 462 2855 9
475 2792 601 2868 fluviis,
613 2792 704 2857 calor
718 2794 761 2858 ab
776 2795 865 2868 9019,
877 2801 989 2860 aestus
1005 2795 1162 2860 abundis

272 2907 428 2993 aequoris
438 2956 446 2984 ‚
458 2928 579 2973 exesor
594 2928 798 2984 moerorum,
809 2909 909 2974 litora
921 2917 1078 2996 propterz

163 3029 171 3041 ‘
271 3044 334 3087 999
348 3021 431 3086 varii
446 3031 580 3088 cessant
595 3023 725 3088 sonitus
740 3045 874 3088 munere
889 3045 950 3110 per
965 3045 1079 3089 auras:

273 3137 418 3223 denique
432 3137 466 3201 in
482 3159 519 3202 09
535 3138 615 3203 99191
630 3139 720 3202 venit
733 3161 829 3204 umor
844 3161 945 3225 saepe
961 3139 1106 3226 sapone,

273 3274 346 3316 cum
361 3273 452 3316 mare
466 3273 637 3317 versemur
651 3261 808 3339 propter,
820 3253 992 3338 dilutaque
1008 3261 1126 3318 contra

200 3384 250 3431 994
272 3387 347 3430 enm
361 3367 483 3431 tuimur
496 3367 627 3430 misceri
642 3367 826 3443 absinthia,
837 3367 945 3453 tangit
959 3387 1104 3432 amaror.
1136 3437 1138 3442 ,

270 3479 478 3567 usqueadeo
493 3480 646 3545 omnibus
661 3481 703 3545 ab
717 3481 818 3546 rebus
833 3501 888 3544 res
904 3501 1057 3566 quaeque
1071 3482 1212 3547 fluenter

200 3613 250 3660 990
272 3595 378 3660 fertur
393 3596 474 3659 etin
489 3601 626 3658 cunctas
642 3592 818 3659 dimittitur
832 3595 982 3680 undique
996 3596 1120 3683 partis,

272 3731 335 3774 nec
349 3730 443 3773 mora
456 3729 519 3772 nec
532 3709 665 3793 requies
679 3709 766 3773 inter
782 3708 883 3774 datur
896 3709 964 3775 9119
977 3709 1116 3786 fluendi,

272 3831 435 3910 perpetuo
452 3823 607 3909 quonium
622 3825 780 3888 sentimus
797 3834 831 3890 et
845 3826 955 3890 omnia
970 3847 1115 3910 semper.

274 4045 450 4052 —--—...
460 4047 462 4050 .

276 4169 412 4240 99719991
435 4170 445 4237 11
468 4176 517 4222 998
537 4169 622 4232 Quum
647 4170 658 4239 11
681 4177 730 4225 999
749 4180 838 4226 ortus.
861 4171 872 4241 11
895 4177 944 4223 912
965 4170 1017 4234 Qui
1035 4187 1122 4240 neque
1144 4171 1154 4239 11
1182 4167 1368 4223 9130199ιί990
1391 4169 1402 4236 11

275 4251 389 4308 iactaret
406 4271 495 4306 nurus.
514 4253 524 4320 11
544 4259 592 4305 915
611 4254 750 4323 vincirique
773 4256 784 4324 11
808 4260 858 4308 919
875 4261 1043 4325 permanenter
1067 4254 1077 4322 11
1100 4253 1219 4324 pervalet
1242 4252 1253 4323 11
1278 4257 1328 4305 919
1347 4269 1402 4304 nm·

276 4337 415 4406 beginibus
439 4335 450 4406 11
473 4341 522 4389 922
542 4337 596 4389 ruiti
614 4340 753 4408 spurcique
776 4339 786 4408 11
812 4343 860 4390 923
879 4353 946 4407 eque
969 4337 980 4404 11
1003 4341 1052 4390 925
1072 4345 1237 4392 9099199999.
1260 4337 1271 4403 11
1294 4335 1402 4402 11991911

276 4419 367 4474 99019
385 4419 395 4489 11
413 4424 463 4472 928
481 4426 544 4474 vent
561 4419 572 4487 11
592 4425 638 4472 931
659 4423 748 4492 requis
767 4420 777 4492 11
797 4425 1008 4486 cadmum.
