2990 5182
295 517 364 584 404
823 509 871 576 vl

294 693 383 754 hunc
400 709 530 752 versum
546 693 614 748 n'on
630 707 690 748 suo
708 683 783 748 loco
805 683 889 769 legi,
912 685 968 768 qui
991 685 1022 745 in
1045 704 1107 744 suo
1131 684 1301 766 repositus
1323 686 1400 747 satis

270 779 280 800 ⁸
295 789 392 864 lacit,
407 788 475 850 ila.
493 786 621 850 Diditur
635 786 667 846 iu
681 807 773 846 ituras
788 783 870 846 cibus
885 784 998 860 oruais,
1014 792 1119 865 urtqet,
1134 783 1247 867 alitque
1265 782 1400 867 Corporis·

293 899 442 952 ertretuus
462 907 579 970 putoque
596 883 697 968 partis
717 881 977 966 trapiticulosque,
1003 879 1145 943 Morbidn
1174 881 1277 965 risth
1297 882 1398 945 simul.

294 1010 362 1050 utut
384 985 566 1048 extrinsecus
588 981 779 1044 iasirututur.
809 980 857 1042 ita
878 978 963 1041 haer
986 997 1050 1062 ego
1074 998 1308 1043 correxeram.
1332 1001 1398 1042 oum

294 1083 362 1148 vidi
372 1080 558 1145 Arnobium
570 1099 707 1163 quoque
721 1077 756 1142 in
771 1077 839 1140 hoc
850 1076 926 1139 loco
937 1077 1116 1160 raerrquiculos
1127 1097 1200 1138 cum
1211 1077 1317 1139 morbo
1329 1099 1398 1161 pro·
1415 1159 1419 1168 Ι

294 1184 380 1246 xime
396 1181 594 1244 coniunctos
610 1177 751 1262 legisse.
775 1177 823 1240 sie
839 1176 924 1239 enim
940 1174 995 1238 ille
1009 1175 1042 1237 in
1060 1197 1084 1236 u
1102 1195 1132 1258 p.
1142 1174 1200 1240 77.
1222 1173 1307 1252 Quid
1327 1177 1398 1237 urim

293 1283 318 1344 si
339 1281 487 1344 homiaem
508 1279 592 1340 dicus
615 1286 736 1360 ruptum
756 1275 898 1337 meandris
914 1275 1051 1336 omitiluts
1064 1285 1093 1336 rt
1106 1274 1267 1335 eirdttatem
1283 1295 1321 1334 eu
1335 1296 1398 1335 rnr-

294 1379 420 1443 riutibus
434 1377 550 1460 asperis
564 1375 678 1437 idcireo
692 1397 753 1436 esse
764 1393 900 1444 sanum,
915 1373 1096 1457 petulanius
1107 1371 1276 1455 unguiculi
1288 1372 1397 1433 rudium

291 1478 478 1563 perpetietur·
489 1474 642 1550 dolorum
657 1482 711 1533 ortt
725 1493 785 1533 esse
798 1491 932 1533 auream
946 1477 1087 1541 terram,
1103 1469 1185 1554 qrtod
1197 1470 1229 1530 ia
1244 1469 1397 1532 comenda

295 1575 377 1637 collis
392 1572 482 1634 troius
496 1571 588 1632 insint
601 1569 730 1651 eniprtue
745 1566 901 1640 miculae,
917 1567 1024 1653 quibus
1038 1569 1172 1630 nuscitur
1187 1567 1399 1654 colliquefactis

295 1668 431 1736 artrica?
454 1687 596 1753 quorum
612 1665 751 1730 alterum
768 1685 905 1750 quoqne
920 1665 1102 1727 membrum
1118 1686 1159 1728 ex
1172 1663 1330 1727 Lucretio
1346 1664 1398 1728 dr·

297 1778 420 1834 tortum
442 1775 512 1840 est,
536 1775 569 1828 et
591 1765 725 1852 quidem
748 1787 789 1828 ex
805 1765 890 1828 libro
906 1765 997 1838 satta
1016 1763 1065 1827 Es
1078 1764 1209 1848 uitrique
1218 1765 1399 1847 prttutrrriris

295 1870 451 1932 consistere
460 1887 549 1950 posse
563 1868 702 1940 Aurum,
717 1864 795 1926 etde
809 1863 898 1926 terris
912 1873 1026 1924 arrum
1041 1883 1230 1923 cturmescere
1239 1862 1359 1944 porris.

377 1963 777 2032 952.Pnav01.1raur‚
799 1969 1022 2023 raauauar
1045 1981 1150 2022 onoa
1172 1979 1397 2034 rarousour.

296 2084 521 2138 varosour..
538 2058 735 2139 Quadratus
748 2059 854 2146 sripus
875 2081 1068 2145 qrtuposque.
1090 2055 1169 2120 olim
1182 2056 1336 2139 impressi
1350 2080 1397 2119 ro·
1462 2043 1471 2058 ⁶

289 2187 426 2250 perque.
448 2158 579 2222 Nonius
594 2157 735 2242 p.487,6
758 2158 861 2242 Vapor
881 2167 908 2219 et
926 2179 1019 2241 cupos
1029 2203 1037 2234 ,
1059 2165 1087 2216 rt
1107 2156 1196 2216 timor
1211 2165 1238 2216 et
1252 2155 1353 2225 timos,
1374 2167 1398 2216 rt

293 2263 379 2326 labor
394 2258 536 2336 etiaim,
558 2258 601 2320 ito
615 2269 684 2320 utut
697 2267 730 2320 ut
744 2257 827 2320 color
841 2267 868 2319 et
882 2256 961 2318 colos
977 2304 982 2317 .
1003 2254 1162 2318 Lucretius
1176 2253 1225 2315 lib.
1241 2274 1275 2314 vr
1293 2253 1396 2315 Petro

293 2361 362 2422 litas
370 2407 378 2438 ,
389 2364 555 2442 permanat
568 2354 811 2440 udasfripusque
826 2376 991 2439 vaposque.
1008 2350 1087 2415 hinc
1099 2349 1282 2414 Lambinus
1297 2349 1397 2413 edidit

213 2477 217 2486 ·
294 2458 366 2522 odos
377 2461 411 2519 et
421 2475 588 2539 vaposque,
604 2449 746 2514 alterum
757 2457 867 2522 recte,
883 2450 1023 2513 alterurn
1039 2470 1061 2513 a
1076 2447 1219 2511 librariis
1231 2447 1342 2511 Nonio
1354 2457 1397 2511 te·

294 2573 383 2616 mero
398 2550 543 2614 illatum.

376 2646 446 2710 954.
462 2668 541 2722 oua
558 2667 710 2708 cracuu
727 2666 848 2708 canni
865 2667 1011 2709 nomon
1028 2665 1226 2708 conatur.
1240 2647 1398 2710 Aventius

293 2747 363 2810 colli
378 2771 388 2806 :
401 2742 634 2808 Wakefieldus
654 2742 901 2826 interpretatur
922 2744 1079 2806 circulum
1102 2741 1179 2807 colli
1194 2791 1202 2816 ,
1220 2743 1396 2831 Vergilium

293 2851 414 2907 testem
430 2843 557 2916 citam,
579 2840 637 2925 qui
651 2839 757 2904 lorica
773 2839 893 2904 collum
907 2829 994 2925 'cingi
1011 2839 1154 2904 dixerit.
1178 2851 1214 2904 at
1227 2841 1284 2906 ille
1299 2843 1396 2908 dixit.

293 2951 330 3006 ut
351 2941 517 3004 hominem
541 2959 643 3003 sanae
664 2938 785 3002 mentis
808 2938 926 3010 decet,
949 2939 1095 3001 Loricam
1113 2941 1295 3027 quicumque
1317 2944 1397 3012 iuter,

292 3065 354 3128 quo
369 3041 447 3105 colla
461 3039 587 3102 sedeatis
602 3037 737 3102 Lrtceut.
761 3037 923 3102 Marullus
940 3037 1068 3105 fecerat
1082 3061 1191 3124 corpses
1206 3087 1213 3102 .
1236 3041 1397 3104 Antonius
1478 3095 1479 3100 ,

291 3139 317 3203 F
320 3139 505 3202 lorentiuus
517 3137 609 3200 corii.
621 3136 682 3200 sed
692 3137 868 3200 Lucretius
880 3137 1016 3221 scripsit
1026 3135 1112 3201 Gan
1122 3161 1140 3200 n
1150 3161 1160 3200 1
1172 3140 1270 3203 lot-im
1279 3137 1396 3202 .Varro

292 3237 335 3301 de
357 3235 471 3320 lingua
491 3235 596 3297 latina
616 3234 702 3298 libro
720 3257 741 3296 v
757 3256 788 3319 p.
801 3233 856 3297 l2l
876 3235 1011 3312 Lurius,
1033 3237 1117 3320 quod
1136 3261 1151 3299 e
1172 3237 1247 3299 loris
1268 3238 1305 3300 de
1320 3239 1397 3300 corio

291 3334 385 3398 crudo
403 3333 571 3416 pectoralia
584 3330 767 3417 sariebant.
786 3344 892 3417 posteo
912 3333 1041 3395 utbeidit
1058 3333 1144 3396 Galli
1158 3334 1274 3419 efetro
1295 3335 1351 3396 sub
1369 3334 1398 3394 id

290 3430 483 3506 uocabulum,
499 3451 536 3492 ex
547 3430 663 3510 anellis,
670 3428 742 3515 sere
756 3433 820 3493 ium
833 3433 952 3493 tunica.
968 3430 1015 3492 ita
1027 3429 1115 3494 enim
1125 3429 1211 3494 haec
1223 3431 1397 3496 scribenda

291 3533 371 3590 sunt
383 3547 424 3587 cx
436 3523 630 3588 Florentino
643 3527 777 3602 codice,
793 3529 849 3612 qui
862 3534 973 3590 tamen
984 3526 1237 3614 habetserreum
1251 3532 1397 3592 turricam.

201 3617 207 3630 ’
290 3623 418 3688 actutu
437 3629 547 3684 aulem
568 3624 692 3686 rectius
708 3624 763 3688 hic
778 3626 938 3709 seriptum
955 3626 1109 3689 existimo
1126 3647 1226 3711 quam
1242 3627 1322 3690 alibi
1335 3651 1398 3691 sae·

291 3722 413 3794 cedere,
435 3719 523 3782 utin
538 3741 599 3781 vu1
615 3741 646 3804 p.
656 3721 716 3784 454
733 3735 801 3787 ante
815 3747 908 3809 prtum
921 3725 976 3786 sub
990 3725 1185 3809 *irrupistralus
1199 3725 1320 3808 (immo
1335 3749 1397 3788 rau·

287 3819 484 3908 pistrataom)
499 3818 641 3896 uomina,
663 3821 717 3904 qui
731 3845 779 3883 eos
794 3821 979 3898 liberarunt,
1000 3823 1158 3885 sttccedere
1173 3835 1354 3908 coeperunt,
1367 3824 1398 3887 in

290 3940 327 3981 lx
342 3939 373 4000 p.
383 3917 443 3980 503
459 3939 538 4002 quae
551 3917 605 3978 sub
619 3939 792 3980 manarum
807 3943 844 3982 uc
853 3920 994 4004 pondera
1006 3923 1214 4006 potiusquam
1228 3922 1284 3984 sub
1298 3945 1399 3985 recuu-

289 4037 358 4076 rum
372 4015 532 4077 succedunt
539 4063 547 4092 ,
562 4014 595 4076 in
609 4037 631 4077 x
643 4037 673 4100 p.
684 4015 744 4078 55⁶2
760 4040 828 4078 cum
842 4041 903 4082 stou
917 4020 1075 4082 discredere
1089 4019 1194 4082 deletu
1206 4020 1262 4082 sot
1277 4042 1398 4086 camum

289 4111 404 4174 ratione
412 4158 421 4187 ,
435 4110 534 4174 immo
548 4114 702 4176 accudere
715 4114 769 4176 sub
783 4116 945 4178 rationem.

371 4205 509 4270 956.Er
532 4231 823 4274 usurasraunu
846 4233 976 4276 rauna
1001 4235 1214 4290 earnooun
1239 4237 1396 4279 coonrn

288 4306 332 4369 lu
352 4327 512 4368 caunum
530 4329 766 4383 ‘rnaaasoun
789 4333 977 4374 anuoran
1003 4333 1126 4374 rurae
1148 4334 1397 4376 raoassuur.
1473 4391 1474 4396 η

288 4403 361 4468 Iure
376 4401 561 4488 quadratus
578 4413 612 4468 et
627 4427 647 4468 a
663 4416 856 4471 correctore
876 4410 1061 4494 oblongus.
1085 4431 1152 4473 non
1175 4409 1296 4474 dubito
1319 4411 1396 4494 quin

286 4501 320 4565 in
335 4500 452 4567 codice
467 4501 606 4587 antiquo
622 4503 724 4569 fuerit
738 4507 824 4584 iure,
840 4527 944 4592 supra
959 4507 1133 4592 adscripto
1150 4533 1169 4572 a
1181 4535 1191 4570 .·
1213 4513 1330 4574 uerum
1347 4517 1395 4571 est
