3034 5198
674 505 706 574 ll
1197 507 1243 576 85

218 675 285 742 168.
301 697 406 739 nrum
422 699 511 740 6166
528 699 682 742 666666
698 699 839 741 asnar.
859 677 1005 744 Prorsus
1020 682 1155 767 egregie
1169 681 1243 746 Ma-

131 775 238 840 rullus
252 796 411 838 666666
428 823 435 837 .
453 773 488 836 16
510 775 633 839 ceteris
647 774 837 861 Naugerius
860 775 943 839 nihil
957 777 1151 844 novandum
1168 801 1242 846 esse

130 873 235 949 vidit,
249 873 315 937 nisi
330 872 423 958 quod
438 873 574 960 scripsit
588 897 626 938 ae
638 876 817 939 moderate.-
837 871 1029 940 Gronovius
1044 897 1115 941 rem
1129 879 1242 942 absol·

129 972 180 1037 vit
200 970 381 1038 scribendo
404 972 599 1036 adnwderau
619 972 803 1038 seeundum
825 981 977 1038 veterum
1003 976 1239 1061 exemplarium

130 1070 248 1147 fidem,
261 1071 295 1133 16
311 1068 585 1134 observationum
600 1071 687 1136 libro
702 1071 780 1147 666
794 1095 825 1158 p.
835 1071 896 1136 462
914 1122 920 1134 .
939 1072 994 1138 his
1008 1073 1241 1140 Wakefieldus

131 1169 202 1233 6166
216 1167 341 1233 iudicio
356 1175 539 1254 repugnat.

216 1265 495 1334 18111666666
506 1287 885 1343 uuun1‚ouruousu
900 1291 1078 1333 6666166
1095 1293 1240 1335 curru.

131 1365 307 1452 Oblongus
324 1386 345 1429 6
361 1371 555 1429 eorreetore
565 1387 757 1452 pluraquam,
769 1364 859 1430 idem
871 1367 977 1451 prima
991 1387 1089 1431 manu
1105 1369 1240 1432 redditu.

128 1463 164 1527 in
175 1462 262 1528 libro
273 1485 303 1540 v,
315 1461 374 1527 199
385 1485 434 1525 rs
443 1485 464 1524 6
473 1483 522 1526 rs
534 1464 786 1548 srsrpraeditu
797 1465 888 1548 uilpo
903 1489 915 1545 ,·
934 1463 1027 1549 quod
1039 1486 1240 1550 quamquam

131 1561 307 1626 Lueretius
321 1561 389 1625 hoo
403 1560 480 1624 looo
491 1559 639 1626 fortasse
649 1561 752 1647 paulo
765 1561 863 1626 aliter
875 1572 1074 1648 conceptum
1086 1565 1241 1649 scripsit,

130 1679 230 1746 quem
244 1659 425 1724 admodum
439 1658 495 1722 hio
514 1670 646 1724 meatum
665 1659 789 1745 legitur
800 1709 808 1734 ‚
818 1660 852 1724 in
871 1661 989 1746 quinto
1004 1673 1172 1746 paratam,
1189 1670 1239 1727 16-

128 1763 207 1822 men
219 1757 440 1823 dubitandum
456 1779 524 1822 non
539 1767 591 1824 est
606 1758 704 1844 quin,
716 1760 745 1822 si
760 1779 846 1844 opus
860 1761 934 1844 ipse
950 1759 1134 1835 edidisset,
1149 1760 1238 1825 idem

128 1856 309 1942 utrobique
324 1863 475 1921 extaret.
491 1858 606 1942 itaque
617 1859 714 1922 vanis
725 1859 930 1924 oonieeturir
946 1859 1078 1923 omissis
1095 1881 1136 1924 ex
1150 1858 1238 1924 libro

129 1959 247 2042 quinto
262 1955 423 2041 optimam
438 1957 639 2042 scripturam
654 1958 722 2021 huo
736 1957 922 2022 referamus
937 1983 945 2034 3
963 1960 999 2022 in
1015 1971 1176 2044 questore
1190 1959 1240 2022 ita

127 2055 276 2142 positum
298 2061 352 2117 661
372 2055 458 2117 utin
480 2054 566 2118 libro
581 2079 625 2131 vr,
636 2055 735 2131 1058,
751 2057 890 2120 Pondere
911 2059 991 2121 euim
1002 2057 1107 2143 fretae
1120 2058 1239 2140 partim

125 2166 231 2232 etant,
253 2153 334 2216 item
354 2151 390 2214 in
413 2173 434 2225 1,
444 2151 504 2214 564
520 2151 563 2214 Er
574 2153 669 2239 finita
691 2155 784 2215 simiai
802 2155 971 2235 generatim
993 2164 1129 2235 ternpore
1151 2149 1240 2215 rebus

126 2251 220 2316 Stare
228 2299 236 2330 ,
248 2247 435 2332 eodemque
446 2246 549 2310 modo
564 2249 598 2310 in
612 2247 666 2312 his
681 2247 845 2310 Varronis
860 2249 1033 2343 versibus,
1044 2249 1172 2335 denique
1187 2252 1240 2336 qui

124 2351 165 2413 611
177 2369 291 2411 soumis
300 2343 425 2410 866661
436 2345 485 2406 661
498 2345 525 2406 si
538 2346 695 2406 stetterroi
706 2343 837 2406 uadibus
849 2344 946 2422 66616,
960 2343 1107 2409 Fbrando
1122 2357 1238 2426 tumea,

125 2471 146 2510 a
161 2445 265 2510 morbo
279 2442 449 2506 6166616666
463 2441 584 2519 eodem,
597 2440 651 2504 Er
663 2442 803 2525 seses'pse
817 2441 938 2527 aliquid
950 2453 1081 2528 9666661
1094 2454 1238 2530 cogatque

118 2544 251 2632 pecati.
275 2540 333 2626 qui
347 2559 467 2604 versus
490 2538 582 2622 apud
596 2537 743 2602 Nonium
762 2537 908 2623 p.392,4
929 2547 964 2604 et
985 2539 1104 2616 264,21
1128 2542 1237 2607 minus

124 2649 218 2710 reete
233 2639 352 2724 scripti
365 2638 523 2724 leguntur
537 2637 604 2711 616,
619 2640 748 2725 deniqne
762 2641 830 2725 puis
847 2661 941 2702 66666
963 2650 1005 2702 est
1023 2638 1165 2704 aranu?
1188 2643 1238 2704 661

124 2745 219 2806 sistet
230 2747 313 2803 t'erra
327 2737 361 2801 td
373 2737 502 2802 traditam
515 2739 596 2802 ortu
610 2775 650 2787 -
665 2761 703 2802 66
716 2739 820 2803 morbo
836 2745 907 2803 616.

210 2835 278 2901 184.
293 2857 332 2898 ru
349 2855 414 2898 urs
429 2856 591 2911 Quoous
606 2858 729 2900 66666
746 2858 894 2902 66666.
913 2838 998 2901 Illud
1016 2837 1050 2901 in
1067 2835 1235 2922 quadrato

125 2955 274 3004 erasum:
286 2955 408 2997 66666
425 2955 585 3008 666666
594 2933 687 2996 Itali.
700 2955 779 2996 mox
786 2956 888 2998 meare
898 2933 1086 3017 quadratus
1096 2942 1130 2998 et
1139 2934 1235 2998 sehe-

124 3037 191 3102 dae
207 3083 215 3110 ,
233 3035 331 3097 666661
346 3031 512 3114 oblongus
528 3036 563 3094 et
581 3030 660 3094 olim
680 3031 853 3114 impressi.
870 3029 992 3093 deinde
1004 3031 1132 3116 frodem
1155 3051 1236 3115 qua·

124 3137 263 3202 dratus:
277 3129 426 3217 itasmdi
439 3127 474 3190 16
489 3148 533 3198 vr,
544 3123 604 3188 186
618 3124 707 3198 idem
724 3132 758 3188 61
779 3126 963 3210 oblongus.

210 3227 278 3293 192.
295 3245 420 3289 66666
435 3221 884 3298 666666666066666166
898 3221 1035 3308 oblongi
1050 3245 1192 3287 66666.

209 3325 445 3391 1936166666
467 3344 506 3384 ro
524 3341 620 3383 6666
636 3343 676 3384 vr
693 3341 891 3384 sunrsors
909 3342 1132 3386 rursunuu
1148 3343 1235 3386 666.

122 3425 269 3514 Egregie
282 3420 465 3485 Lambinus
478 3420 542 3482 6166
557 3419 587 3481 61
602 3439 831 3482 6666616666
847 3467 853 3492 ,
872 3417 1007 3483 adiutus
1022 3467 1030 3495 ‚
1049 3428 1088 3484 ut
1102 3420 1235 3496 scribit,

123 3528 168 3593 ab
178 3543 246 3589 uno
257 3521 344 3584 libro
356 3539 456 3582 manu
468 3517 613 3601 scripto.
625 3515 728 3580 nihilo
738 3517 847 3580 minus
858 3516 938 3580 mihi
945 3519 1051 3604 magis
1059 3520 1235 3602 proprium

122 3623 233 3691 uideri
247 3620 334 3684 solet
347 3620 412 3682 sine
424 3617 605 3681 subtectam
620 3665 626 3678 .
648 3637 688 3679 66
711 3636 798 3700 quae
814 3623 1005 3680 cremantur
1019 3617 1119 3701 ipnem
1132 3618 1235 3681 iacere

124 3721 208 3788 dicit
222 3725 257 3784 et
269 3717 451 3782 uumaittrre
466 3716 566 3778 lumen
579 3734 682 3777 versu
696 3713 757 3777 674
774 3762 781 3775 .
798 3714 834 3776 16
849 3735 894 3791 vr,
904 3713 964 3778 700
986 3715 1126 3778 extollere
1137 3713 1232 3804 flum-

122 3843 206 3884 mam
221 3818 367 3902 Sauoque
379 3815 561 3878 6661661666.

193 3916 277 3980 194.
293 3913 410 3993 Quor
430 3931 765 3974 666666666666
788 3930 866 3974 oou
889 3929 1029 3971 urssus
1053 3929 1232 3971 6666666

123 4033 298 4081 6666666
313 4010 492 4074 1166666.
515 4005 709 4086 Quadratus
725 4029 793 4069 euru
808 4007 915 4068 611666
930 4053 936 4066 .
957 4003 1019 4068 sed
1036 4011 1095 4069 aut
1110 4029 1178 4068 enm
1192 4017 1236 4072 est

121 4113 231 4176 6616666
244 4106 459 4175 scribendum
482 4113 553 4180 est,
574 4111 633 4167 661
653 4104 768 4190 potius
789 4104 884 4188 (nam
899 4101 982 4166 illud
996 4101 1145 4167 debebat
1159 4123 1233 4166 esse
1269 4095 1272 4104 ’

74 4229 85 4246 ·
122 4231 192 4274 mun
206 4207 352 4290 mittitur)
378 4205 467 4284 Quod
477 4225 573 4288 penus
587 4224 657 4264 666
676 4250 684 4277 ,
704 4212 806 4265 666166
820 4223 886 4264 com
900 4202 1009 4264 missus
1023 4223 1149 4286 corpore
1162 4225 1232 4264 666-

118 4309 190 4395 puls
206 4306 351 4370 11611661.
372 4303 421 4366 116
439 4302 473 4364 16
494 4301 580 4365 libro
597 4299 713 4375 111,221
736 4300 825 4378 Quod
840 4321 936 4383 96666
953 4309 1013 4372 est,
1030 4298 1151 4362 Boeoti
1165 4321 1233 4360 6666

110 4405 177 4495 flor
198 4403 343 4480 6666611,
368 4409 401 4464 61
424 4399 484 4463 597
511 4399 601 4478 Quod
610 4421 705 4484 96666
719 4409 784 4474 est,
805 4395 905 4458 661616
927 4399 1006 4460 tuate
1019 4396 1141 4483 factrus
1165 4417 1233 4458 6616

114 4502 294 4590 perhibeto·
312 4547 318 4559 .
343 4519 451 4582 neque
475 4496 561 4560 enim
575 4495 734 4580 intellego
751 4491 927 4578 quomodo
937 4494 1045 4577 possit
1059 4500 1117 4556 661
1132 4491 1166 4554 16
1180 4488 1233 4554 his
