2970 5268
617 447 648 512 V

62 645 86 688 nt
100 647 233 711 neque,
247 625 303 687 uti
319 623 437 697 docui,
448 621 557 686 solido
573 643 648 686 cum
664 643 808 716 corpore
823 621 936 688 mundi

40 761 45 800 1.
59 751 224 814 naturast,
240 741 405 824 quoniam
421 737 637 802 admixtumst
650 737 684 800 in
699 737 799 800 rebus
813 738 923 812 inane,

61 877 108 918 nec
122 865 251 918 tamen
271 863 377 918 estut
391 852 506 930 inane,
517 873 627 939 neque
642 861 751 917 autem
767 874 911 937 corpore
925 852 1060 930 desunt¹

58 993 88 1034 rx
101 971 247 1034 infinito
268 990 355 1054 quae
371 968 503 1053 possint
516 967 604 1032 forte
621 977 738 1032 coorta

56 1107 211 1148 corruere
229 1085 326 1148 hanc
341 1104 451 1147 rerum
467 1082 614 1146 violento
630 1082 762 1146 turbine
778 1104 935 1147 summam

55 1216 98 1262 aut
113 1201 225 1264 aliam
246 1199 403 1284 quamvis
416 1197 544 1261 cladem
558 1197 730 1282 inportare
746 1197 873 1282 pericli,

28 1331 104 1376 tinec
119 1337 245 1401 porro
263 1323 385 1378 natura
399 1313 463 1376 loci
479 1313 689 1397 spatiumque
702 1311 863 1398 profundi

54 1427 157 1494 deficit
169 1481 178 1507 ,
192 1429 365 1514 exspargi
381 1450 448 1513 quo
463 1428 594 1513 possint
608 1427 738 1491 moenia
751 1426 881 1500 mundi.

54 1557 101 1606 aut
115 1546 188 1610 alia
207 1544 337 1630 quavis
353 1553 495 1627 possunt
509 1543 542 1606 vi
558 1543 653 1628 pulsa
669 1543 792 1628 perire.

55 1658 130 1722 haut
143 1660 267 1746 igitur
281 1658 341 1721 leti
355 1657 530 1742 praeclusa
545 1666 597 1721 est
609 1657 708 1720 ianua
723 1658 816 1721 caelo

55 1794 108 1836 nec
124 1774 197 1838 soii
214 1782 401 1856 terraeque
417 1791 525 1857 neque
540 1771 616 1836 altis
630 1771 787 1857 aequoris
800 1772 899 1838 undis
906 1755 918 1847 ‚¹

21 1900 40 1942 -73
55 1887 108 1950 sed
123 1896 239 1974 patet
252 1886 385 1951 immani
401 1896 435 1951 et
449 1897 544 1952 vasto
559 1895 730 1971 respectat
743 1886 852 1951 hiatu.

57 2024 157 2086 qnare
176 2003 286 2068 etiam
303 2003 416 2066 nativa
435 2010 641 2066 necessumst
656 2002 836 2066 confiteare

58 2117 135 2183 haee
152 2116 302 2184 eadem:
315 2137 423 2203 neque
439 2116 683 2191 enim‚1nortali
700 2139 842 2202 corpore
859 2127 1053 2202 quaesunt,

59 2257 94 2295 ex
107 2235 253 2298 infinito
269 2233 334 2296 iam
349 2239 499 2318 tempore
514 2230 625 2295 adhuc
640 2231 830 2318 potuissent

60 2349 203 2413 inmensi
220 2345 351 2412 validas
365 2347 438 2410 aevi
453 2355 663 2410 contemnere
678 2348 781 2410 vires.

21 2473 41 2512 2²·
96 2463 264 2550 Denique
279 2469 455 2549 tantopere
469 2463 556 2526 inter
570 2483 606 2525 se
623 2485 695 2526 cum
710 2464 852 2528 maxima
865 2464 980 2528 mundi

63 2588 220 2666 pugnent
233 2578 398 2650 membre,
409 2578 464 2664 pio
480 2599 690 2670 nequaquem
706 2581 839 2645 concita
852 2579 956 2655 bello,

63 2714 173 2759 nonne
193 2691 292 2757 vides
308 2693 449 2778 aliquam
465 2691 555 2778 longi
570 2695 757 2758 certaminis
772 2695 846 2760 ollis

16 2873 17 2880 χ
66 2831 164 2893 posse
184 2808 262 2872 dari
276 2808 373 2872 finem
383 2857 390 2882 ‚
402 2807 456 2871 vel
471 2829 545 2870 cum
560 2808 611 2872 sol
627 2819 660 2873 et
674 2829 781 2896 vapor
796 2811 901 2874 omnis

67 2928 223 2990 omnibus
241 2923 348 3008 epotis
364 2923 534 2986 umoribus
550 2922 805 3008 exsuperarint?

33 3051 49 3092 *³
67 3040 158 3124 quod
175 3039 291 3103 facere
307 3035 623 3122 intendunt‚neque
638 3035 750 3099 adhuc
765 3043 886 3099 conata
901 3044 1093 3120 patrantur:

68 3166 200 3221 tantum
216 3151 435 3240 suppeditant
449 3171 563 3215 amnes
577 3149 732 3234 ultraque
747 3149 915 3212 minantur

68 3274 180 3336 omnia
195 3267 357 3332 diluviare
373 3290 414 3332 ex
429 3267 498 3331 alto
513 3265 644 3351 gurgite
659 3264 768 3351 ponti,

69 3408 106 3450 ne
121 3385 306 3474 quiquam,
319 3384 474 3469 quoniam
491 3388 664 3446 verrentes
679 3400 828 3466 aequora
842 3379 933 3444 venti

73 3500 273 3567 deminuunt
287 3497 456 3583 radiisque
471 3506 628 3562 retexens
643 3496 813 3561 aetherius
829 3495 897 3570 sol,

27 3623 53 3667 'u
69 3626 99 3680 et
112 3619 248 3682 siccare
264 3614 357 3699 prius
372 3611 544 3676 confidunt
559 3613 670 3676 omnia
683 3633 784 3699 posse

71 3751 173 3816 quam
189 3707 301 3815 liquor
315 3728 439 3815 incepti
453 3727 563 3814 possit
577 3727 770 3812 contingere
783 3726 896 3791 finem.
977 3742 981 3748 ·

71 3857 204 3912 tantum
218 3845 384 3931 spirantes
400 3863 508 3928 aequo
525 3840 703 3905 certamine
718 3841 839 3906 bellum

72 3962 203 4048 magnis
218 3960 306 4023 inter
321 3979 357 4022 se
373 3957 415 4022 de
430 3958 530 4022 rebus
547 3975 684 4019 cernere
699 3965 844 4026 certant,

74 4099 148 4142 cum
164 4075 268 4140 semel
282 4074 409 4138 interea
423 4072 524 4137 fuerit
539 4069 752 4157 superantior
766 4070 852 4155 ignis

78 4367 123 4410 tc?
144 4369 270 4428 roperta.
307 4357 316 4420 [t
354 4363 436 4407 375c
472 4356 481 4422 tt
518 4361 566 4408 377
590 4355 709 4408 inortnlis
745 4354 755 4424 tt
793 4359 840 4404 382
866 4353 931 4406 olis.
967 4358 976 4423 tt
1014 4359 1062 4406 393
1087 4355 1154 4405 inter
1179 4365 1209 4402 cc

78 4450 187 4496 ccciccc.
