3034 5204
677 419 683 426 ,
724 355 760 422 V

165 532 360 618 corripiunt
375 515 488 596 dirum
502 529 654 615 percussi
668 532 817 596 membra
830 532 966 607 timore,

165 645 300 733 nequid
315 646 359 710 ob
374 645 555 710 admissum
569 644 669 710 foede
684 644 850 711 dictumve
865 648 1010 735 superbe

80 782 147 827 1225
164 783 357 850 poenarum
371 781 473 848 grave
488 761 532 825 sit
547 760 699 826 solvendi
713 769 845 849 tempus
860 762 1034 828 edultum?

168 897 301 941 summa
316 875 412 940 etiam
428 898 502 940 eum
516 876 567 940 vis
581 876 720 941 violenti
733 899 794 962 per
809 900 900 943 mare
914 880 1004 944 vent'

168 990 446 1076 induperatorem
462 990 577 1054 elassis
592 1013 693 1078 super
708 1014 857 1078 aequora
870 995 975 1060 verrit

169 1127 249 1169 eum
262 1103 381 1170 validis
394 1106 521 1191 pariter
535 1107 720 1192 legionibus
735 1115 837 1192 atque
846 1107 1055 1200 elephantie,

168 1241 241 1284 non
258 1218 369 1284 divom
382 1241 499 1306 pacem
513 1222 601 1287 votis
617 1221 688 1286 adit
702 1243 742 1287 ae
756 1243 857 1310 prece
873 1223 1004 1308 quaesit
1028 1253 1031 1262 ’

85 1351 152 1398 1230
173 1335 372 1419 [ventorum
386 1335 528 1422 pavidus
543 1357 644 1422 paces
660 1338 852 1423 animasque
869 1336 1071 1424 secundas]‚

169 1471 217 1512 nc
232 1450 405 1535 quiquam,
418 1453 573 1537 quoniam
587 1453 736 1518 violento
752 1453 884 1518 turbine
899 1475 1001 1539 saepe

172 1573 349 1650 correptus
363 1566 431 1629 nilo
446 1566 554 1631 fertur
567 1569 675 1633 minus
691 1567 735 1632 ad
749 1567 838 1634 vada
852 1568 931 1633 leti?

170 1700 279 1764 usque
294 1679 379 1744 adeo
395 1701 449 1744 res
464 1681 627 1746 humanas
642 1684 692 1747 vis
707 1683 824 1748 abdita
838 1683 1004 1769 quaedam

171 1795 313 1882 opterit,
325 1804 359 1858 et
372 1795 532 1883 pulchros
547 1797 647 1862 fascis
662 1820 848 1884 saevasque
864 1820 999 1862 secures

84 1928 150 1974 1135
168 1909 366 1996 proculcare
382 1932 421 1974 ac
435 1911 579 1977 ludibrio
595 1913 657 1977 sibi
671 1912 797 1978 habere
811 1913 959 1977 videtur.

171 2024 315 2110 denique
330 2027 393 2090 sub
409 2025 550 2112 pedibus
566 2028 664 2092 tellus
680 2049 754 2092 eum
769 2036 843 2118 tota
857 2028 992 2093 vacillat

171 2117 421 2226 concussaeque
436 2140 561 2206 cadunt
574 2143 675 2206 urbes
691 2142 880 2226 dubiaeque
893 2143 1076 2216 minantur,

171 2253 252 2340 quid
267 2255 400 2332 mirum,
413 2257 442 2320 si
456 2278 492 2320 se
508 2262 662 2320 temnunt
674 2256 826 2320 mortalia
841 2256 952 2321 saecla

170 2378 272 2454 atque
286 2370 465 2458 potestatis
479 2393 616 2457 magnas
631 2372 797 2456 mirasque
812 2370 982 2456 relinqunt

86 2503 153 2549 12411
168 2485 204 2548 in
217 2486 319 2550 rebus
334 2487 414 2551 viris
431 2484 559 2563 divum,
572 2507 657 2572 quae
673 2492 793 2551 cuncta
807 2486 1017 2573 gubernent?

212 2599 313 2680 Quod
328 2622 428 2686 super
444 2609 512 2678 est,
524 2623 580 2667 aes
595 2589 697 2688 atque
712 2624 829 2666 aurum
843 2602 1035 2688 ferrumque
1049 2607 1254 2689 repertumst

169 2723 205 2780 et
218 2715 314 2780 simul
329 2717 457 2802 argenti
472 2717 606 2803 pondus
622 2717 814 2804 plumbique
831 2725 996 2804 potestas,

167 2831 253 2916 ignis
269 2831 326 2894 ubi
339 2831 484 2918 ingentis
499 2833 600 2896 silvas
616 2827 737 2897 ardore
753 2841 940 2896 cremarat'

168 2947 338 3029 montibus
352 2947 386 3010 in
400 2947 528 3032 magnis
538 2995 545 3022 ‚
557 2968 616 3010 seu
632 2946 724 3010 caelo
739 2947 873 3009 fulmine
890 2946 1003 3021 misse,

89 3079 152 3124 1215
168 3061 238 3126 sive
253 3060 346 3147 quod
359 3062 447 3125 inter
462 3083 498 3124 se
513 3060 635 3124 bellum
649 3061 803 3124 silvestre
817 3067 972 3146 gerentes

168 3177 322 3241 hostibus
336 3177 518 3241 intulerant
531 3176 641 3261 ignem
655 3173 840 3239 formidinis
856 3195 954 3260 ergo,

169 3291 238 3354 sive
253 3291 347 3377 quod
360 3291 488 3356 inducti
502 3300 612 3356 terrae
628 3291 782 3355 bonitate
795 3287 955 3354 vblebant

168 3405 317 3490 pandere
332 3429 431 3494 agros
446 3409 578 3494 pinguis
594 3415 628 3472 et
641 3427 768 3493 pascua
781 3404 925 3470 reddere
940 3425 1034 3478 rura,

170 3522 240 3587 sive
254 3523 343 3587 feras
359 3521 545 3586 interficere
561 3531 595 3586 et
610 3522 776 3587 ditescere
790 3520 934 3608 praeda:

92 3653 154 3701 1250
168 3659 243 3702 nam
257 3637 357 3704 fovea
371 3645 474 3724 atque
487 3638 555 3722 igni
571 3637 663 3723 prius
679 3644 731 3700 est
745 3638 898 3701 venarier
913 3645 1023 3700 ortum

171 3775 268 3838 quam
284 3753 415 3839 saepire
428 3751 537 3840 plagis
553 3751 674 3816 saltum
689 3753 893 3836 canibusque
909 3752 1013 3814 ciere.

171 3868 334 3955 quidquid
348 3867 384 3933 id
399 3878 467 3944 est,
480 3843 548 3953 qua
562 3889 704 3952 cumque
720 3889 737 3930 e
753 3887 853 3930 causa
867 3866 1037 3930 flammeus
1053 3866 1155 3930 ardor

170 4069 370 4078 -—-—..

174 4189 237 4235 1224
256 4183 374 4253 Nequod
392 4182 402 4255 11
424 4189 487 4236 1225
507 4183 658 4237 adauctum.
679 4183 689 4252 11
710 4187 775 4235 1226
788 4180 896 4235 Summe
914 4181 924 4250 11
946 4187 1010 4235 1229
1029 4199 1044 4234 u
1063 4180 1072 4251 11
1095 4186 1157 4232 1232
1177 4179 1278 4250 aqnuda
1291 4181 1301 4248 11

175 4273 239 4318 1236
258 4267 297 4320 sui
326 4267 336 4334 11
365 4275 429 4322 1241
450 4277 492 4322 cst
509 4285 591 4338 aeque
618 4268 629 4335 11
660 4273 723 4318 1213
743 4265 829 4336 gentis
854 4267 864 4333 11
891 4272 954 4318 1248
973 4266 1085 4336 panguis
1105 4264 1115 4332 11
1136 4269 1199 4316 1252
1220 4263 1300 4325 Quic-

173 4349 236 4419 quid
