2946 5188
367 1373 410 1457 r.
448 1373 724 1457 uuouurr
761 1373 911 1457 onur

186 1598 296 1698 DE
350 1575 1100 1704 RERUMNATURA

408 1843 574 1934 LIBER
609 1841 870 1909 TERTIUS.

542 2085 728 2093 ——.—...

90 2312 134 2432 Ε
147 2368 291 2434 tenebris
305 2369 408 2433 tentis
423 2375 491 2432 tem
506 2367 631 2430 olerum
647 2365 808 2430 extollere
822 2367 931 2429 lumen

89 2484 137 2568 qui
150 2483 273 2569 primus
287 2482 428 2568 potuisti
441 2479 623 2545 inlustrans
639 2477 813 2544 commoda
827 2480 928 2556 vitae,

89 2605 117 2660 te
129 2619 268 2682 sequor,
279 2619 300 2661 o
316 2596 436 2660 Graiae
450 2596 560 2682 gentis
576 2593 678 2660 decus
688 2643 696 2670 ,
707 2596 808 2679 inque
821 2593 887 2658 tuis
902 2613 990 2656 nuno

88 2710 156 2776 ficta
168 2709 290 2798 pedum
304 2731 395 2795 pono
409 2711 534 2796 pressis
548 2709 693 2795 vestigio
706 2709 827 2794 signis,
1004 2713 1006 2718 '

55 2839 66 2880 ⁵
87 2845 147 2888 non
157 2825 205 2890 ito
219 2823 371 2890 certandi
385 2823 527 2910 cupidus
541 2843 641 2909 quam
654 2831 795 2909 propter
809 2841 954 2884 amorem

89 2938 173 3021 quod
184 2947 219 3004 te
231 2939 352 3004 imitari
366 2957 467 3003 aveo:
478 2937 562 3023 quid
576 2939 662 3001 enim
677 2932 861 3000 contendat
874 2934 1019 2997 hirundo
1070 2945 1074 2954 '

89 3054 208 3137 cycnis,
220 3061 278 3118 aut
292 3051 373 3138 quid
388 3073 464 3116 nam
479 3052 627 3116 tremulis
641 3048 753 3114 faeere
768 3049 906 3110 artubus
921 3045 1020 3109 haedi

89 3167 247 3232 consimile
260 3168 296 3231 in
311 3189 411 3230 eursu
424 3165 557 3252 possint
572 3173 606 3228 et
618 3163 717 3227 fortis
733 3162 810 3246 equi
823 3161 898 3224 vis?

88 3285 133 3354 tu,
142 3291 237 3368 pater
247 3329 255 3356 ‚
267 3303 303 3345 es
316 3301 428 3346 rerum
441 3279 612 3353 inventor,
624 3287 662 3342 tu
676 3277 786 3363 patrio
798 3275 896 3340 nobis

47 3402 67 3446 10
89 3395 275 3481 suppeditas
290 3371 488 3481 praecepto,
500 3393 634 3478 tuisque
649 3411 691 3455 ex
701 3439 708 3466 ‚
719 3391 858 3464 inclute,
870 3388 1010 3459 chortis,

87 3505 229 3574 floriferis
244 3517 282 3573 ut
296 3529 377 3594 spes
392 3508 425 3570 in
440 3506 581 3572 saltibus
596 3505 706 3570 omnia
719 3505 838 3578 libant,

88 3623 186 3688 omnia
199 3645 263 3689 nos
277 3621 391 3687 itidem
406 3619 615 3708 depascimur
630 3639 731 3684 aurea
746 3617 850 3685 dicta.

88 3713 195 3814 aures,
206 3743 369 3824 perpetue
384 3755 515 3823 semper
530 3733 724 3819 dignissime
740 3732 824 3796 vito.

87 3867 153 3912 nem
167 3849 263 3914 simul
277 3855 317 3913 a'o
331 3849 417 3914 ratio
433 3857 492 3914 tun
506 3847 620 3932 coepit
632 3845 809 3911 vociferari

45 3969 65 4014 1³
89 3971 232 4028 neumam
246 3984 375 4038 rerum,
387 3961 500 4027 divino.
513 3968 624 4026 mente
639 3967 772 4033 coorta,

89 4072 254 4164 diffirpunt
266 4077 364 4141 animi
375 4084 541 4152 terrores,
552 4075 684 4140 moenia
697 4070 811 4136 mundi

88 4183 273 4266 discedunt,
284 4199 392 4264 totum
406 4189 506 4256 video
521 4189 693 4278 perinane
708 4186 778 4272 geri
792 4207 864 4246 res,

90 4352 278 4368 -,-—--

92 4435 100 4478 ¹
117 4431 139 4485 0
156 4433 167 4502 ΙΙ
186 4443 201 4488 7
220 4435 327 4506 Cycniis
346 4437 356 4504 ll
379 4442 406 4488 ll
427 4435 529 4489 liment.
550 4434 560 4501 ΙΙ
581 4441 609 4486 15
630 4437 763 4486 coortam.
