2972 5188
273 487 354 556 ⁴260
816 483 864 551 lV

282 683 327 736 vr,
340 661 414 724 llll
434 659 585 739 Quamror
597 681 617 722 a
628 659 720 722 venta
730 669 758 722 et
768 657 993 744 caelipartibus
1003 680 1064 722 esse
1071 683 1083 740 ,·
1094 665 1217 743 quarto
1229 677 1272 720 ex
1284 677 1387 722 emen·
1475 661 1476 670 ’

284 761 422 825 datione
436 765 555 821 nostra
568 757 602 821 in
617 779 648 832 v,
654 755 717 820 484
733 767 867 820 carrara
882 781 902 819 a
917 757 1015 820 limini
1020 756 1028 780 ’
1038 765 1130 842 parte
1142 755 1311 842 propulsa.

366 856 438 922 836.
473 855 555 918 Nec
578 877 668 918 surr
690 876 798 917 Arre
822 877 971 918 worse
994 876 1210 919 ococosuu
1233 876 1387 918 cuntur

283 977 402 1020 rara.
425 951 606 1018 Corrector
622 951 781 1038 quadrati
796 951 905 1027 solus,
920 951 983 1016 sed
998 953 1140 1037 optime,
1161 973 1313 1016 uarum.
1327 953 1388 1016 hoc

284 1062 318 1118 et
332 1052 468 1117 suavius
488 1058 590 1115 estet
611 1049 795 1134 simplicius
810 1057 844 1114 et
863 1049 928 1114 illis
944 1070 1030 1134 quac
1051 1056 1213 1114 secuntur
1226 1051 1289 1115 850
1305 1051 1387 1114 simi·

283 1151 367 1226 lius,
390 1149 432 1215 Er
452 1149 560 1214 sedare
572 1149 653 1212 eitt'm
667 1149 759 1234 prim
781 1160 823 1212 est
835 1171 930 1234 paam
945 1149 1059 1232 poeula
1081 1160 1204 1212 natam.
1227 1149 1388 1214 Marullus

283 1270 352 1314 non
366 1249 452 1312 bene
467 1247 548 1310 amali
561 1267 655 1332 qaam
669 1246 787 1310 Iumina
801 1257 892 1310 eata.

365 1343 671 1410 &accusasse
694 1365 1055 1408 canceraremur
1082 1367 1267 1409 ruerus.
1312 1343 1388 1408 Cor-

282 1453 398 1512 rector
419 1445 557 1530 oblongi
579 1465 805 1508 correers.
849 1443 1018 1530 Vergilius
1040 1443 1192 1509 similiter
1213 1443 1285 1508 Sive
1310 1443 1387 1510 Getis

281 1545 398 1633 inferre
411 1566 505 1607 mana
526 1543 714 1606 lacrr'rutbile
728 1541 857 1618 bellam,
878 1541 1036 1628 idemque
1051 1542 1122 1606 dari
1142 1543 1311 1606 certandae
1325 1541 1388 1604 delli

288 1639 1388 1728 Corutleraat.moxoblongussoedereqsprimamanu‚foedareomm-

284 1761 323 1804 so
339 1763 397 1826 que
412 1737 618 1824 quadratus.

367 1837 438 1901 847.
462 1858 670 1900 cameram
693 1859 868 1901 ruamur.
891 1837 966 1901 Itali
982 1837 1371 1923 etimprcssiruaurr.
1478 1901 1479 1924 ἶ

367 1934 438 2000 866.
460 1956 590 2000 rocoa
612 1955 701 1998 ser.
722 1933 827 1998 Iidem
844 1957 1017 1999 ruocua.

366 2031 436 2098 861.
459 2055 530 2098 sro
547 2053 724 2096 eruatur
738 2053 901 2096 osseum
921 2031 1270 2107 Exarmaueris,
1293 2053 1388 2110 curu

284 2154 384 2198 seur
405 2153 610 2196 exsatura
632 2151 757 2206 uoru,
780 2131 1012 2208 Mauricus
1041 2153 1113 2196 res
1134 2153 1324 2196 sunoasu
1344 2152 1391 2192 rx

283 2253 387 2296 utro
411 2249 562 2294 cressa
584 2250 819 2304 resource,
840 2227 991 2294 Murra
1014 2252 1088 2294 ras
1109 2252 1154 2294 os
1176 2251 1391 2292 exnatur-

284 2351 378 2406 ror,
408 2349 487 2392 ceu
509 2348 723 2392 eunomus
744 2349 982 2394 usuecuur.
1003 2327 1238 2392 Wakefieldus
1258 2327 1394 2412 scripsit

283 2427 358 2492 laec
379 2427 452 2512 qaia
473 2435 558 2504 aaut,
580 2445 649 2487 non
670 2425 752 2490 satis
775 2425 939 2489 concinna
961 2427 1131 2501 oratione,
1152 2427 1249 2492 malta
1263 2449 1392 2512 corpora

284 2523 413 2612 effluant
432 2543 469 2586 ea
492 2522 694 2604 attrectem,
716 2525 790 2610 qaia
811 2522 886 2587 lace
905 2535 988 2592 mota
1009 2527 1141 2590 exercita
1161 2537 1230 2590 meret
1250 2537 1279 2590 et
1298 2525 1392 2588 malta

284 2619 427 2710 afluant.
442 2619 568 2684 rectius
583 2617 770 2684 Brixiensis
784 2618 895 2684 editor
910 2632 938 2686 et
951 2623 1025 2709 qaia
1034 2647 1044 2686 :
1065 2621 1127 2686 sed
1141 2622 1331 2688 rectissime
1345 2621 1393 2686 la·

284 2718 411 2782 ciamus
422 2739 501 2804 quae
511 2718 584 2804 qaia
595 2725 631 2782 ct
641 2716 795 2782 ordinem
804 2737 961 2783 versuum
970 2721 1171 2786 mutabimus
1178 2719 1397 2801 ‚hocmodo.

285 2836 390 2892 ocur
406 2818 704 2902 qaiamatecercitz
717 2828 816 2892 motu,
833 2817 1049 2904 Muaraper
1062 2843 1095 2884 or
1108 2821 1309 2900 exhalantur,
1325 2843 1394 2884 crea

284 2915 432 3001 laapaida
446 2915 608 2994 anhelant,
623 2914 855 2991 Mouruoos
864 2941 925 3002 per
937 2917 1078 2981 adorem
1094 2941 1132 2982 ea
1146 2919 1206 2982 alto
1215 2941 1329 3003 pressa
1340 2918 1395 3006 fe·
1480 2961 1481 2970 ¹

283 3025 409 3080 rantur.
421 3022 570 3078 ceterum
580 3010 853 3098 Havcrcampus‚
867 3021 906 3077 ut
915 3013 1002 3077 solet
1016 3035 1057 3078 ca
1068 3036 1155 3100 quae
1165 3015 1292 3080 nullam
1306 3017 1396 3080 utili-

284 3120 390 3178 tatem
411 3111 540 3180 hebent
554 3109 706 3186 adferre,
727 3109 784 3175 hic
800 3133 842 3175 ex
857 3111 1026 3198 quadrato
1041 3113 1174 3177 notavit
1187 3137 1248 3199 per
1261 3137 1296 3178 os
1311 3115 1397 3178 eeal-

284 3222 403 3290 entur,
426 3212 510 3274 etin
530 3231 632 3282 versu
651 3210 805 3294 proximo
828 3208 889 3274 His
909 3211 1001 3296 ipitar
1021 3213 1150 3276 rarescit
1165 3211 1253 3276 rebus
1267 3235 1398 3298 ccrpm,

284 3309 358 3382 ubi,
375 3309 403 3374 si
415 3307 527 3392 legere
540 3305 731 3386 didicisset,
746 3306 864 3372 videre
875 3315 1011 3394 poterat
1022 3308 1192 3373 librarium
1201 3309 1316 3395 ipsum
1328 3309 1399 3372 ani-

284 3404 465 3470 madverso
481 3424 597 3467 errore
607 3423 724 3466 verum
738 3405 891 3469 ordinem
906 3406 1111 3482 restituisse,
1126 3407 1214 3471 rebus
1228 3410 1376 3472 rarescit.

367 3500 438 3566 869.
459 3523 624 3566 amorem
643 3522 842 3568 orrcrrr.
865 3503 922 3570 Sic
936 3505 1158 3589 primameuu
1173 3504 1362 3592 oblongus,
1378 3525 1400 3568 a

284 3607 478 3664 correctore
492 3600 634 3664 obderet:
649 3600 836 3686 quadratus
851 3614 940 3687 optar
953 3627 1003 3668 re.

367 3697 438 3764 876.
459 3719 607 3761 macru
623 3721 790 3764 camno.
806 3699 1001 3779 Quadratus
1016 3703 1137 3766 alona:
1149 3702 1307 3785 impressi
1323 3722 1400 3766 cum

283 3795 572 3860 Italis1s1ouu.'

366 3895 436 3960 877.
469 3915 535 3970 our
565 3916 667 3971 saur
700 3917 766 3960 οτι
797 3918 944 3962 cassus
977 3918 1186 3962 rrorsaar
1220 3919 1400 3972 coruus.

285 3991 467 4056 Corrector
479 3991 654 4077 quadrati,
669 3991 763 4068 Itali,
780 3993 963 4059 Brixicnsis
979 3994 1101 4069 editio,
1116 3998 1169 4082 qai
1183 4015 1298 4058 rtur.
1316 4016 1401 4081 qua·

284 4089 403 4153 dratus
418 4093 574 4176 quiemas:
588 4089 664 4153 Itali
680 4097 715 4154 et
728 4091 883 4176 impressi
899 4114 1035 4168 curru
1045 4113 1105 4156 us.

366 4187 436 4251 878.
458 4209 640 4262 vacuous
662 4210 800 4252 Darou
823 4211 887 4253 s1r
910 4212 1075 4254 urucae
1105 4211 1298 4270 moveas..
1335 4189 1400 4254 Im-

283 4286 392 4372 pressi
405 4307 627 4362 umacus.
649 4307 751 4350 versu
774 4286 853 4351 1007
877 4287 1063 4372 quadratus
1085 4289 1139 4351 Ad
1156 4310 1253 4352 carae
1266 4287 1402 4375 sapiam

282 4385 418 4449 volucres
439 4381 594 4454 exhibet;
617 4383 711 4468 quod
731 4383 759 4447 si
774 4384 929 4450 scivisset
940 4383 1190 4462 Wakefieldus,
1211 4387 1403 4470 probasset

283 4490 320 4544 ut
334 4481 389 4544 hic
403 4504 476 4544 aare
491 4481 667 4564 probavit;
680 4475 792 4558 ‘bene'‚
809 4483 837 4546 si
852 4481 1072 4568 Forbigerum
1088 4483 1259 4547 audimus.
1277 4503 1401 4570 super·
