3034 5204
264 471 466 542 36.
810 468 825 540 Ι

262 648 374 735 aquila
391 646 545 710 Valerius
560 644 699 710 Flaccus
718 646 753 708 in
774 667 800 719 1,
812 645 870 709 157
885 645 1104 733 calidissimam
1121 647 1210 730 eripit
1222 645 1374 729 enimultra

262 769 392 833 aptam
413 743 468 808 hic
488 751 618 819 autem,
641 743 698 807 ubi
716 743 759 807 dc
772 745 908 828 ptinere
922 743 1045 829 agitur,
1069 764 1141 807 cum
1154 745 1325 829 plameruta
1339 751 1375 808 et

258 846 480 932 ptomeramlna
496 849 530 906 et
543 843 765 927 annumerari
778 863 847 906 non
861 840 963 906 modo
976 842 1032 905 hic
1042 848 1146 926 potta
1157 841 1297 916 dixerit,
1310 841 1374 906 sed

263 942 379 1007 eadem
394 961 551 1006 mensura
565 939 641 1004 olim
652 939 781 1004 Ennius
793 939 883 1004 Eleu
893 940 944 1024 (eu
956 939 1158 1026 exemplaria
1168 939 1270 1004 Nonii
1279 939 1374 1024 pto)

216 1073 219 1078 ·
261 1041 488 1126 mensor-truta,
502 1049 536 1102 ut
549 1039 652 1102 omnia
665 1039 699 1101 t'u
711 1061 759 1101 me
773 1039 978 1122 conpteuuas
991 1039 1074 1102 mata
1082 1086 1092 1118 ,
1106 1058 1188 1104 sane
1202 1037 1372 1122 imPtoba·

262 1139 328 1205 bile
350 1139 486 1204 videtur
507 1136 541 1200 in
564 1137 696 1200 nomine
717 1136 858 1222 simplici
878 1135 1045 1201 diversam
1065 1135 1373 1220 pronuntiationem

262 1237 467 1311 obtinuisse,
481 1235 679 1322 praesertim
695 1255 768 1298 cum
784 1234 876 1319 apud
887 1233 1067 1300 Horatium
1081 1235 1126 1299 sit
1142 1237 1181 1299 Ut
1192 1237 1296 1300 saetosa
1306 1235 1373 1320 pla·

260 1360 328 1401 mus
339 1384 346 1398 .
358 1341 411 1400 est
421 1343 534 1399 tamen
544 1331 717 1396 fatendum
728 1330 813 1396 illud
824 1332 1023 1397 vocabulum
1034 1333 1068 1396 in
1081 1353 1174 1397 suam
1186 1353 1373 1397 mensuram

260 1435 436 1500 redactum
450 1432 506 1494 hic
520 1430 641 1494 ceteris
657 1429 768 1515 aptari
781 1451 850 1493 non
865 1427 967 1516 posse
982 1431 1046 1494 nisi
1061 1430 1127 1495 hoc
1142 1429 1243 1494 modo
1258 1477 1266 1506 ‚
1286 1429 1373 1495 Nam

260 1536 287 1596 si
306 1531 507 1596 tantundemst
526 1529 559 1590 in
578 1527 716 1614 plumbo
737 1529 885 1613 corpori’
900 1539 1047 1615 qttcmum
1061 1527 1101 1592 ln
1115 1529 1212 1594 lanae
1226 1529 1372 1614 glomere

261 1642 327 1708 est,
343 1627 516 1692 tantundem
529 1627 665 1712 peredere
680 1649 745 1712 par
766 1639 830 1709 est‚·
849 1647 936 1712 quae
959 1627 1021 1692 etsi
1040 1648 1081 1691 eo
1096 1627 1257 1702 consilio,
1278 1635 1316 1690 ut
1330 1647 1372 1689 ne
1464 1646 1468 1654 ’

261 1721 396 1812 eorporis
416 1743 538 1788 nomen
552 1748 567 1787 s
580 1724 693 1788 littera
712 1726 851 1810 antiquo
866 1745 959 1790 more
975 1725 1057 1790 elisa
1072 1724 1249 1790 dicendum
1266 1733 1372 1797 esset,

261 1834 330 1890 tam
351 1823 493 1886 licenter
510 1823 676 1886 immutari
695 1824 848 1908 potuisse
869 1823 1032 1890 credibile
1053 1831 1124 1899 cst,
1143 1822 1247 1887 nihilo
1266 1823 1372 1888 minus

262 1928 397 1988 constat
409 1921 444 1984 in
459 1919 572 2006 lingua
582 1921 705 1987 Latina
717 1921 870 2008 vulgaria
885 1921 1050 2006 quaedam
1067 1919 1232 1986 vocabula
1247 1919 1302 1985 vel
1312 1941 1371 1984 no-

260 2021 367 2094 mina,
384 2028 418 2083 et
432 2020 553 2104 partim
568 2025 740 2084 vetustate
755 2021 956 2096 obscurata,
972 2020 1098 2085 habere
1111 2041 1299 2084 mensuram
1314 2025 1372 2082 aut

261 2118 448 2204 ambiguam
463 2125 522 2180 aut
536 2119 579 2182 ab
591 2118 720 2205 origine
732 2139 794 2182 sua
806 2118 973 2184 diversam
986 2168 992 2183 .
1006 2121 1056 2183 ita
1067 2118 1226 2184 differunt
1235 2118 1324 2182 inter
1334 2139 1372 2182 se

253 2239 352 2304 pennu
364 2223 399 2280 ct
407 2215 559 2300 pusillus,
574 2217 636 2303 offa
651 2223 685 2280 et
700 2215 810 2302 (della,
825 2239 960 2282 mamma
975 2225 1010 2282 et
1022 2218 1179 2296 mamilla,
1192 2217 1322 2280 scribere
1338 2223 1373 2279 et

261 2316 482 2380 cmucmbilleut
497 2361 504 2376 .
525 2334 546 2376 a
565 2325 686 2378 urnam
707 2321 740 2376 et
754 2317 881 2379 maetino
897 2325 976 2380 sunt
989 2340 1011 2380 u
1026 2321 1185 2400 correpta
1197 2315 1371 2378 mutuniati.

252 2415 388 2500 pumilos
409 2435 430 2475 u
451 2412 547 2476 brevi
571 2416 605 2473 et
621 2411 792 2495 pumilones
814 2411 932 2476 eadem
952 2413 1055 2499 longa
1075 2413 1200 2477 dixisse
1221 2411 1371 2478 creditur

261 2511 409 2574 Statius:
418 2509 619 2592 pumilionum
630 2506 796 2592 producte
806 2506 984 2574 Lucretius
996 2517 1029 2574 ct
1039 2510 1205 2575 Martialis
1216 2556 1225 2574 .
1237 2509 1372 2594 pallian-

260 2602 998 2690 cetamproductePlautus,Lucilius‚Titinins
1006 2606 1147 2673 Charisii
1153 2607 1371 2694 p.192‚Phae·

261 2702 363 2776 drus,
384 2701 433 2764 sic
450 2710 605 2764 mustacea
618 2698 787 2764 Iuvenalis
807 2709 842 2764 et
857 2701 986 2766 Statius
1001 2704 1074 2768 silv.
1093 2706 1162 2782 1‚6‚
1174 2706 1229 2771 19:
1251 2713 1371 2771 contra

259 2801 422 2866 merdacea
437 2804 593 2885 correpte
607 2799 641 2862 in
656 2797 801 2884 Priapeo
818 2799 872 2875 69,
882 2801 921 2864 8.
938 2799 1049 2866 Varro
1065 2802 1109 2867 de
1122 2803 1235 2891 lingua
1249 2805 1371 2869 Latina

260 2923 297 2964 rx
310 2920 343 2985 p.
353 2897 413 2964 533
433 2900 465 2960 iu
487 2897 551 2982 lepe
570 2898 747 2962 conditionis
757 2898 855 2984 fundi
871 2899 982 2984 inquit
997 2905 1068 2964 mu
1083 2923 1172 2966 canu
1185 2905 1229 2966 lto
1242 2904 1372 2967 dicimus

259 3010 294 3063 ut
311 3021 332 3061 u
347 2997 578 3083 producamus:
601 2994 663 3060 sed
681 2994 782 3059 iidem
802 3009 888 3062 eruta
909 2997 1005 3062 aliter
1027 2998 1202 3075 dicebant,
1222 3001 1388 3086 itemque.

259 3109 378 3162 rutntm
399 3103 433 3160 et
454 3096 596 3159 entellum
615 3119 637 3158 u
657 3101 816 3180 correpto
837 3095 1042 3181 Pomponius
1063 3103 1098 3162 et
1111 3098 1258 3186 Lucilius
1278 3100 1371 3184 apud

259 3195 405 3260 Nonium
424 3216 457 3278 p.
468 3192 507 3256 18
524 3243 530 3256 .
557 3193 698 3258 Ovidius
718 3194 754 3256 in
773 3215 795 3256 v
815 3193 977 3258 fastorum
998 3194 1057 3258 421
1081 3197 1172 3260 Ritus
1191 3198 1371 3262 esttenete

258 3303 407 3356 nocturna
418 3290 570 3354 Lemuria
583 3293 667 3354 sacri
676 3338 685 3368 ,
701 3297 736 3354 et
749 3289 872 3355 ibidem
888 3291 949 3355 483
965 3293 1041 3356 Mon
1055 3296 1145 3357 etium
1159 3295 1287 3359 lemuues
1301 3298 1370 3360 uni·

258 3412 325 3453 mas
339 3388 444 3450 dicere
456 3389 613 3450 silentum.
630 3387 746 3451 Solum
760 3386 928 3473 producte
943 3388 1044 3455 Silius
1059 3391 1193 3456 Italicus
1208 3415 1283 3469 v111,
1292 3393 1368 3469 424,

259 3507 279 3550 a
295 3505 362 3571 quo
378 3483 508 3548 Sabinos
528 3484 717 3569 appellatos
735 3484 817 3549 dicit
832 3534 839 3549 .
861 3487 1059 3552 Mamurram
1071 3490 1180 3572 prima
1192 3491 1290 3556 brevi
1305 3491 1369 3556 Ca-

258 3582 379 3657 tullus,
394 3581 512 3644 eadcm
525 3580 627 3667 longa
641 3581 825 3646 Horatius.
840 3581 1038 3669 Propertius
1050 3587 1242 3674 Lameresque
1256 3591 1367 3669 estant,

258 3678 401 3745 Ovidius
410 3678 638 3766 Luceribusque
651 3681 748 3744 dedu.
763 3679 883 3744 horum
898 3681 983 3748 alter
994 3687 1038 3748 At
1049 3686 1103 3749 titt
1111 3687 1251 3751 Mansuri
1258 3735 1265 3760 ‚
1280 3687 1369 3752 alter

258 3777 404 3843 Praemtu
412 3777 589 3862 persolvunt
597 3777 847 3864 illamurt'umque
860 3791 985 3844 cocant.
1002 3779 1170 3869 Vergilius
1185 3785 1368 3872 Cedillusque

257 3898 387 3962 acerque
403 3877 498 3942 Coras
507 3925 517 3957 ,
534 3897 632 3961 quem
647 3877 800 3962 sequitur
815 3873 934 3955 Silius,
949 3878 1113 3946 Horatius
1131 3881 1222 3948 Circa
1234 3882 1304 3947 mite
1318 3907 1367 3949 so-

257 3975 321 4039 lum
339 3974 459 4050 lituris
472 3986 501 4038 et
512 3977 633 4038 moenia
651 3975 741 4040 Guttt
749 4023 759 4055 ,
783 3973 910 4041 Statius
926 3976 971 4041 ad
985 3976 1208 4043 Horatianum
1221 3979 1304 4044 illud
1318 3979 1367 4044 al·

255 4071 378 4136 ludens
391 4073 562 4159 dictumque
577 4075 645 4160 lyra
659 4077 775 4140 maiore
794 4075 958 4140 Catillum.
979 4073 1122 4142 Ovidius
1136 4077 1301 4142 fastorum
1316 4099 1366 4155 vr,

258 4169 318 4235 139
332 4167 390 4233 Est
402 4171 464 4233 illis
476 4169 618 4265 stripibus
630 4193 739 4236 stamen
747 4219 756 4252 ,
769 4171 884 4256 itaque
899 4171 970 4247 alii,
986 4173 1048 4239 sed
1059 4173 1200 4240 Plautus
1213 4176 1249 4239 in
1259 4175 1365 4240 Pseu·

256 4265 336 4332 dulc
357 4266 502 4342 111,2,31
524 4268 600 4332 Non
619 4270 812 4334 condimentis
827 4270 987 4351 cuadiunt,
1008 4275 1063 4338 sed
1073 4273 1214 4359 stipibus
1223 4299 1235 4337 .·
1254 4295 1365 4358 neque

255 4365 341 4430 enim
360 4365 501 4450 strinpem
516 4364 688 4432 Charisius
710 4367 846 4432 videtur
864 4367 1041 4454 scripsisse
1056 4371 1162 4456 pet,
1185 4369 1248 4436 sed
1263 4371 1364 4436 libra·

252 4466 340 4527 rius.
362 4461 454 4526 canis
474 4474 629 4550 vuuaprn
643 4489 714 4530 acen
728 4464 875 4529 Martiali
890 4467 1046 4542 x1v‚200:
1069 4467 1208 4533 Gratius
1222 4468 1284 4534 203
1297 4493 1364 4533 cer·
