2970 5268
228 399 297 466 168
772 401 806 466 V

225 595 328 659 quare
343 576 438 638 etiam
455 574 617 660 quaedam
634 597 721 640 nunc
737 587 826 641 artes
843 577 1070 663 expoliuntur,

223 711 312 753 nunc
327 692 423 754 etiam
439 701 638 777 augescunt:
650 713 739 755 nunc
754 690 869 755 addita
886 693 1024 779 navigiis
1039 703 1118 757 sunt

224 805 343 879 multa,
355 804 455 869 modo
472 807 619 890 organici
636 807 769 869 melicos
785 829 946 893 peperere
962 829 1118 880 sonores,

153 935 200 980 335
224 917 368 1005 denique
383 929 502 985 natura
517 921 599 984 haec
616 943 725 984 rerum
740 923 894 1006 ratioque
910 931 1078 1009 repertast

225 1055 348 1120 nuper,
361 1044 394 1098 et
408 1035 495 1098 hanc
510 1036 634 1121 primus
650 1058 723 1100 cum
739 1037 853 1124 primis
868 1038 940 1122 ipse
955 1049 1111 1124 repertus

225 1171 313 1213 nunc
329 1170 391 1235 ego
407 1171 479 1213 sum
493 1152 526 1214 in
543 1151 668 1236 patrias
685 1152 740 1236 qui
756 1153 880 1237 possim
894 1163 1027 1218 vertere
1042 1177 1158 1219 voces.

227 1263 320 1348 qnod
335 1266 363 1327 si
377 1265 465 1329 forte
479 1266 582 1330 fnisse
599 1274 676 1329 ante
691 1266 755 1330 hac
772 1266 887 1330 eadem
902 1269 1012 1332 omnia
1027 1268 1152 1344 credis,

155 1461 164 1478 ,
226 1378 287 1443 sed
303 1380 440 1466 periisse
455 1381 624 1446 hominum
639 1383 781 1446 torrenti
796 1383 906 1446 saecla
923 1405 1063 1470 vapore,

155 1511 204 1557 ato
227 1503 286 1558 aut
300 1495 459 1560 cecidisse
476 1499 566 1562 urbis
582 1519 703 1584 magno
720 1498 893 1561 vexamine
908 1497 1039 1572 mnndi,

227 1619 284 1674 aut
300 1632 341 1673 ex
356 1612 515 1675 imbribus
531 1611 679 1677 adsiduis
696 1613 803 1675 exisse
818 1633 958 1698 rapaces

163 1765 166 1775 ι
226 1747 286 1810 per
300 1734 407 1789 terras
423 1749 535 1790 amnes
551 1737 652 1813 atque
668 1727 794 1812 oppida
808 1729 1038 1814 cooperuisse,

226 1848 323 1905 tanto
339 1842 462 1927 quique
477 1844 579 1929 magis
596 1843 704 1905 victus
719 1843 845 1906 fateare
862 1853 1033 1906 necessest

228 1955 361 2020 exitium
378 1979 512 2042 quoque
528 1967 690 2022 terrarum
706 1957 856 2042 caelique
871 1957 1034 2022 futurum:

155 2088 203 2133 am
225 2093 301 2134 nam
316 2093 390 2136 cum
405 2095 458 2136 res
474 2075 576 2138 tantis
593 2073 716 2136 morbis
731 2075 902 2157 tantisque
917 2074 1050 2158 periclis

227 2196 487 2274 temptarentur,
498 2191 542 2254 ibi
557 2189 584 2252 si
599 2188 727 2252 tristior
741 2188 947 2251 incubuisset

229 2322 346 2378 causa,
359 2301 478 2368 darent
492 2304 558 2369 late
574 2303 702 2367 cladem
718 2324 921 2389 magnasque
937 2303 1063 2366 ruinas

228 2438 290 2480 nec
304 2419 434 2483 ratione
449 2419 514 2484 alia
528 2420 685 2484 mortales
701 2441 775 2482 esse
791 2418 959 2492 videmur,

227 2533 316 2597 inter
330 2556 391 2599 nos
406 2536 467 2598 nisi
484 2534 575 2620 quod
590 2532 714 2596 morbis
730 2535 953 2619 aegrescimus
968 2532 1056 2596 idem

157 2663 206 2710 350
229 2658 330 2734 atque
344 2649 390 2712 illi
407 2672 493 2735 quos
509 2650 611 2712 avita
626 2657 746 2712 natura
760 2649 920 2711 removit.

270 2762 450 2828 Praeterea
466 2785 550 2850 quae
567 2785 706 2849 cumque
722 2772 855 2828 manent
870 2771 1006 2826 aeterna
1019 2773 1193 2828 necessust

230 2887 304 2954 aut,
317 2880 393 2965 quia
409 2889 487 2944 sunt
503 2878 613 2943 solido
629 2901 702 2942 cum
719 2900 878 2966 corpore,
889 2900 1050 2964 respuere
1063 2880 1151 2943 ictus

230 3017 292 3058 nec
307 3004 484 3081 penetrare
498 2996 568 3083 pati
584 2996 646 3059 sibi
662 2998 839 3080 quicquam
857 2992 948 3080 quod
965 3001 1066 3078 queat
1081 3003 1172 3059 artas

231 3108 413 3175 dissociare
427 3114 517 3176 inlus
532 3113 702 3199 pa1·tis,nt
718 3111 866 3175 materiai

159 3243 207 3288 355
231 3248 374 3311 corpora
389 3237 483 3301 sunt,
497 3249 639 3312 quorum
654 3236 806 3289 naturam
823 3224 1030 3289 ostendimus
1046 3235 1138 3298 ante,

232 3339 380 3405 antideo
396 3341 517 3406 durare
532 3350 674 3405 aetatem
692 3361 791 3425 posse
808 3361 867 3424 per
883 3359 1027 3407 omnem.

231 3456 402 3542 plagarum
419 3457 496 3540 quia
511 3465 590 3518 sunt
605 3454 772 3538 expertia,
784 3454 870 3516 sicut
884 3453 982 3515 inane
998 3462 1063 3526 est,

233 3569 327 3655 quod
341 3578 453 3633 manet
468 3571 627 3632 intactum
643 3589 752 3652 neque
768 3569 808 3630 ab
823 3567 892 3631 ictu
907 3566 1056 3652 fungitur
1071 3567 1187 3642 hilum,

232 3694 290 3750 ant
305 3685 497 3770 etiamquia
512 3683 601 3746 nulla
616 3684 680 3746 loci
696 3683 732 3746 lit
747 3683 843 3768 copia
859 3683 998 3756 circum,

160 3819 209 3864 aeo
233 3823 299 3886 quo
316 3800 410 3886 quasi
426 3821 480 3862 res
495 3799 628 3884 possint
643 3797 816 3862 discedere
832 3796 1053 3883 dissoluiqnc,

232 3917 318 3979 sieut
333 3937 532 3978 summarum
548 3937 674 3977 summa
689 3925 741 3978 est
756 3923 892 3978 aeterna
903 3963 909 3989 ,
920 3935 1029 3998 neque
1046 3922 1141 3976 extra

234 4031 290 4116 qui
305 4030 399 4094 locus
416 4039 468 4095 est
483 4052 550 4115 qno
567 4029 747 4102 dissiliant,
763 4051 871 4116 neque
889 4049 1031 4114 corpora
1047 4040 1125 4091 sunt
1140 4049 1226 4112 quae

233 4146 364 4234 possint
377 4145 523 4210 incidere
540 4154 573 4209 et
587 4144 698 4209 valida
714 4144 898 4211 dissolvere
914 4142 1027 4232 plaga.

236 4401 285 4445 339
304 4395 406 4464 perisse
426 4395 435 4464 ll
455 4401 503 4444 :na
523 4402 549 4445 at
567 4409 576 4429 γ’
598 4401 645 4445 35⁴.)
664 4395 697 4447 sit
