2946 5188
632 513 660 580 Ι.

55 693 108 748 est
122 683 237 770 igitur
248 733 257 760 ,
267 685 301 748 ni
317 685 434 748 mirum
444 732 452 760 ‚
462 683 497 747 id
512 684 607 770 quod
621 685 751 750 ratione
766 689 877 774 sagaci

53 800 275 884 quaerimus,
287 797 470 864 admixtum
484 799 604 873 rebus,
616 799 710 884 quod
723 801 821 866 inane
836 824 1009 868 vocemus.

21 933 31 976 o
74 1000 79 1010 .
94 911 186 977 Illud
202 915 242 978 in
257 913 311 978 his
325 913 428 978 rebus
442 935 485 978 ne
500 921 534 978 te
549 911 717 978 deducere
731 937 813 981 vero
848 951 852 960 ι

53 1029 182 1114 possit,
197 1027 298 1114 quod
314 1026 447 1112 quidem
462 1028 607 1116 fingunt,
619 1051 836 1116 praecurrere
852 1053 968 1119 cogor.

55 1142 178 1208 cedere
196 1143 422 1229 squamigeris
436 1143 553 1208 latices
568 1144 752 1210 nitentibus
766 1145 859 1210 ciunt

55 1269 87 1322 et
99 1255 262 1344 liquidas
278 1257 407 1344 operire
421 1258 510 1332 vies,
522 1258 602 1342 quis
615 1266 697 1342 post
710 1259 786 1324 loca
798 1260 910 1346 pisces

55 1375 233 1458 linquent,
247 1393 316 1457 quo
331 1372 464 1457 possint
478 1370 637 1437 cedentes
652 1372 821 1437 confluere
836 1373 963 1438 undae:

20 1505 36 1547 ‘s
57 1489 102 1551 sic
117 1487 205 1552 alias
223 1507 362 1572 quoque
375 1507 430 1550 res
445 1486 532 1550 inter
546 1507 583 1550 se
598 1507 700 1574 posse
713 1489 840 1553 moveri

59 1611 91 1666 et
104 1613 242 1667 mutare
258 1601 385 1676 locum,
400 1601 550 1687 quemvis
565 1601 633 1665 sint
646 1603 754 1666 omnia
768 1602 881 1686 plena.

60 1716 186 1781 scilicet
196 1765 204 1790 ,
216 1715 254 1780 id
269 1713 354 1780 false
368 1723 476 1780 totum
490 1715 620 1780 ratione
635 1723 853 1803 receptumst.

60 1851 131 1894 nem
148 1852 221 1916 quo
236 1829 438 1916 squamigeri
454 1837 613 1916 poterunt
627 1829 813 1915 procedere
828 1829 978 1906 tandem,

62 1945 91 2006 ni
106 1946 256 2031 spatium
273 1943 428 2008 dederint
441 1943 581 2009 latices?
592 1942 778 2009 concedere
792 1966 896 2031 porro

19 2073 44 2118 so
64 2081 125 2143 qno
138 2066 307 2146 poterunt
321 2057 446 2132 undae,
459 2079 533 2122 cum
548 2059 659 2145 pisces
672 2059 722 2122 irc
736 2059 942 2144 nequibunt?

64 2181 117 2236 eut
129 2175 233 2260 igitur
247 2181 341 2238 motu
355 2171 588 2260 privandumst
602 2195 746 2259 corpora
760 2193 928 2260 quaeque,

65 2296 118 2352 eut
132 2311 208 2354 esse
224 2287 409 2352 admixtum
425 2285 640 2353 dicundumst
652 2287 755 2352 rebus
769 2289 882 2363 inane,

64 2403 147 2468 unde
160 2403 281 2468 initum
296 2403 436 2488 primum
451 2401 561 2487 capiat
575 2421 630 2466 res
645 2421 799 2486 quaeque
813 2401 983 2467 movendi.

66 2527 233 2600 postremo
249 2517 318 2582 duo
334 2515 376 2581 de
392 2537 557 2582 concursu
573 2535 717 2604 corpore
730 2515 799 2581 leta

18 2645 48 2687 es
66 2631 91 2694 si
103 2632 166 2697 cite
180 2633 367 2709 dissiliant,
377 2652 496 2718 nempe
510 2637 568 2696 ser
583 2651 680 2697 omne
694 2641 880 2708 necessest,

68 2745 146 2811 inter
162 2768 311 2835 corpora
326 2746 419 2833 quod
432 2747 507 2822 fiet,
519 2743 673 2834 possidat
686 2745 798 2810 inane:

69 2858 92 2921 is
105 2883 205 2946 porro
222 2863 374 2949 quamvis
391 2862 513 2926 circum
528 2861 752 2948 celerantibus
766 2861 855 2926 auris

69 2975 206 3042 eonlluat
214 3027 223 3058 ‚
234 2975 328 3041 houd
342 2978 467 3061 poterit
481 2983 593 3040 tamen
606 2997 674 3039 uno
689 2983 841 3061 tempore
856 2983 963 3039 totum

70 3092 218 3176 compleri
232 3091 375 3177 spatium
385 3113 392 3154 ε
404 3109 481 3153 nem
499 3089 639 3176 primum
654 3108 819 3173 quemque
833 3097 1006 3152 necessest

18 3210 51 3256 seli
69 3216 202 3292 occupet
216 3205 271 3270 ille
286 3205 413 3279 locum,
425 3201 547 3267 deinde
562 3203 671 3266 omnia
686 3201 937 3287 possideantur.

70 3319 151 3398 quod
166 3323 194 3386 si
209 3320 299 3386 forte
313 3319 448 3404 aliquis,
460 3339 534 3382 cum
549 3338 695 3406 corpora
708 3315 897 3392 dissiluere,

71 3439 130 3494 tum
143 3443 241 3522 putat
254 3433 291 3498 id
305 3433 468 3519 fieriqnic
483 3455 519 3496 se
534 3431 742 3496 condenseat
755 3437 828 3506 adr,

71 3557 163 3613 enat:
173 3571 251 3614 nem
266 3569 406 3612 vacuum
421 3557 491 3611 tum
506 3545 543 3610 fit
558 3545 734 3630 quodnon
748 3545 917 3618 scitante,

71 3669 98 3720 et
111 3663 256 3748 repletur
271 3663 350 3728 item
364 3683 504 3726 vacuum
520 3657 613 3745 quod
628 3661 780 3725 constitit
794 3669 889 3738 ante,

22 3775 55 3821 eo
72 3791 125 3836 nec
138 3779 195 3842 tali
210 3778 342 3843 ratione
356 3783 470 3863 potest
485 3773 656 3838 denserier
671 3781 743 3849 ser,

71 3903 138 3964 neo,
149 3893 176 3956 si
190 3893 254 3956 iam
269 3899 403 3978 posset,
415 3889 487 3954 sine
501 3889 591 3952 inani
605 3894 739 3975 posset,
750 3888 885 3974 opinor,

70 3996 175 4082 ipsein
191 4028 226 4070 se
243 4003 378 4088 trahere
393 4013 428 4070 et
441 4003 547 4090 portis
562 4001 750 4067 conducere
764 4003 929 4090 inunum.

105 4113 173 4194 Qua
187 4127 344 4208 propter,
356 4118 506 4205 quamvis
522 4115 694 4180 causando
709 4115 813 4180 multe
827 4115 983 4191 moreris,

126 4303 257 4314 ·—--.-.-—

74 4393 113 4519 gil
124 4395 207 4453 olunt.
226 4401 236 4468 Η
256 4403 305 4453 383
319 4399 418 4452 initium
432 4399 442 4466 ll
456 4403 503 4450 384
517 4413 648 4452 concurso
667 4395 677 4464 Η
696 4401 745 4448 386
758 4395 804 4449 ssat
823 4397 832 4464 ll
845 4400 894 4448 ³89
907 4395 1018 4464 quisque
1031 4397 1041 4463 ΙΙ
1055 4399 1103 4446 395
1116 4411 1181 4446 eon·
1206 4400 1209 4412 '

89 4483 192 4536 euserier
