2946 5188
272 487 318 558 68
822 483 853 552 ll

271 679 417 747 corpora
431 658 538 743 prima
551 677 684 720 manere
694 704 702 731 ‚
714 655 812 718 etiam
827 663 958 719 secreta
973 657 1099 740 teporis

201 807 204 812 ·
271 782 350 837 sunt
364 795 403 837 ac
417 771 550 857 frigoris
566 771 699 834 omnino
716 769 881 854 calidique
896 770 1049 854 vaporis,

200 905 249 950 845
272 896 306 952 80
320 887 432 950 sonitu
447 885 561 948 sterila
575 893 609 948 et
624 906 705 948 suco
720 885 829 948 ieiuna
842 883 1010 956 feruntur,
1061 961 1068 976 Ι

272 1022 335 1066 888
349 1001 473 1065 iaciunt
485 1000 586 1063 ullum
602 999 739 1084 proprio
755 998 798 1062 de
813 1019 956 1083 corpore
972 996 1124 1062 odorem.

271 1116 359 1179 sicut
372 1115 549 1178 amaracini
564 1111 722 1177 blandum
737 1120 932 1195 stactaeque
947 1110 1109 1195 liquorem

272 1238 305 1294 et
319 1228 415 1292 nardi
429 1228 560 1302 florem,
572 1236 687 1292 nectar
702 1227 758 1312 qui
773 1225 909 1288 naribus
924 1224 1032 1300 halet,

272 1365 345 1407 cum
360 1341 470 1406 facere
484 1342 638 1415 instituas
650 1390 657 1413 ,
669 1363 744 1404 eum
759 1340 872 1424 primis
888 1360 1048 1424 quaerere
1064 1359 1125 1425 par
1141 1345 1208 1412 cst,

198 1475 247 1522 850
270 1479 337 1543 quo
353 1457 397 1520 ad
411 1455 490 1520 licet
504 1477 543 1518 ac
558 1456 647 1542 potis
663 1475 699 1517 es
713 1454 876 1540 reperire,
888 1453 1042 1517 inolentis
1058 1453 1135 1517 olivi

269 1580 438 1645 naturam,
450 1569 572 1633 nullam
588 1589 674 1653 quae
688 1569 798 1631 mittet
812 1567 947 1631 naribus
962 1587 1093 1640 auram,

271 1705 370 1769 quam
384 1685 514 1747 minime
529 1690 568 1746 ut
583 1682 689 1767 possit
702 1682 825 1746 mixtos
840 1683 874 1745 in
889 1701 1031 1765 corpore
1046 1679 1169 1744 odores

271 1805 520 1880 concoctosque
535 1817 596 1858 suo
613 1805 826 1860 contractans
842 1795 984 1880 perdere
999 1795 1087 1864 viro,

270 1919 410 1997 propter
425 1909 563 1973 eandem
577 1931 648 1972 rem
663 1909 789 1974 debent
804 1907 986 1994 primordia
999 1930 1109 1971 rerum

198 2043 247 2089 855
269 2047 339 2089 808
354 2025 513 2090 adhibere
529 2046 623 2088 suum
638 2021 817 2110 gignundis
831 2023 931 2086 rebus
947 2021 1102 2097 odorem,

268 2161 330 2204 nec
345 2139 506 2212 sonitum,
518 2139 674 2223 quoniam
689 2139 735 2202 nil
750 2138 792 2202 ab
808 2159 844 2200 se
859 2139 987 2201 mittere
1002 2143 1160 2221 possunt,

269 2275 332 2318 nec
346 2254 441 2317 simili
455 2255 585 2318 ratione
600 2273 755 2337 saporem
771 2251 915 2336 denique
931 2269 1131 2334 quemquam

269 2390 331 2432 nec
345 2368 449 2452 frigus
463 2388 572 2452 neque
587 2367 664 2430 item
680 2365 821 2430 calidum
837 2364 1053 2450 tepidumque
1069 2384 1246 2448 vaporem,

269 2491 396 2556 cetera3
409 2502 494 2565 quae
509 2500 584 2543 cum
599 2481 646 2544 ita
660 2489 740 2543 sunt
756 2488 865 2543 tamen
879 2488 918 2542 ut
931 2479 1084 2543 mortalia
1098 2487 1273 2553 constent,

196 2611 245 2658 800
267 2593 357 2658 molli
372 2592 478 2666 lente,
490 2594 625 2678 fragosa
639 2593 745 2677 putri,
758 2613 840 2656 cava
855 2614 996 2678 corpore
1011 2614 1103 2663 raro,

268 2706 378 2772 omnia
390 2705 457 2769 sint
471 2727 491 2769 a
505 2705 675 2792 principiis
690 2705 840 2770 seiuncta
853 2715 1038 2782 necessest,

267 2820 454 2884 inmortalia
467 2820 495 2883 si
509 2819 661 2884 volumus
677 2820 875 2906 subiungere
891 2821 991 2883 rebus

267 2934 500 3010 fundamenta,
511 2933 631 3019 quibus
645 2934 771 2998 nitetur
785 2955 912 3026 summe
926 2935 1056 3006 salutis;

192 3121 201 3140 ι
266 3071 308 3114 88
323 3050 382 3114 tibi
397 3071 450 3112 res
466 3031 607 3114 redeant
622 3049 666 3114 ed
680 3050 783 3114 nilum
797 3048 946 3114 funditus
962 3067 1092 3110 omnes.

193 3181 242 3228 855
304 3163 403 3228 Ν880
418 3185 557 3248 eaquae
573 3166 696 3228 sentire
711 3164 861 3229 videmus
876 3184 1016 3247 cumque
1032 3171 1204 3224 necessest

265 3299 306 3341 ex
320 3277 529 3341 insensilibus
544 3287 654 3341 tamen
670 3280 779 3343 omnia
794 3280 972 3342 confiteare

263 3381 432 3477 principiis
448 3399 620 3454 constare.
632 3411 741 3474 neque
756 3390 792 3453 id
806 3391 993 3454 manufesta
1006 3391 1155 3456 refutant

263 3525 324 3568 nec
340 3511 458 3567 contra
473 3511 638 3588 pugnant,
649 3503 683 3565 in
697 3512 856 3588 promptu
871 3507 1004 3590 cognita
1020 3525 1105 3588 quae
1120 3513 1211 3575 sunt,

262 3615 323 3678 sed
337 3617 440 3700 magis
455 3617 529 3702 ipsa
541 3626 640 3678 manu
656 3615 782 3680 ducunt
798 3625 831 3681 et
846 3618 983 3682 credere
999 3627 1124 3703 cogunt

191 3747 241 3792 870
264 3750 306 3793 ex
319 3729 529 3793 insensilibus
539 3777 546 3803 ‚
558 3728 650 3814 quod
666 3728 740 3793 dico
751 3777 758 3804 ,
770 3731 920 3795 animalia
933 3733 1035 3816 gigni.

262 3845 386 3928 quippe
401 3842 514 3906 videro
530 3844 607 3910 licet
621 3845 716 3908 vivos
733 3844 873 3908 existere
889 3867 1017 3908 vermes

260 3964 408 4020 stercore
423 3956 465 4019 de
481 3967 589 4022 taetro
601 3969 611 4032 ,’
621 3967 775 4043 putorem
791 3979 864 4022 cum
879 3960 940 4022 sibi
955 3968 1056 4024 nacta
1070 3969 1121 4024 est

259 4071 501 4155 intempestivis
514 4093 555 4134 ex
569 4071 728 4136 imbribus
743 4072 855 4136 umida
869 4072 982 4150 tellus3

261 4253 455 4261 ·———-—

260 4354 310 4401 845
329 4356 408 4404 etune
429 4349 439 4417 ΙΙ
463 4354 512 4401 806
530 4352 666 4420 proprium
691 4353 701 4420 ΙΙ
725 4357 774 4404 850
794 4349 873 4413 Quod
897 4353 907 4418 ll
930 4353 1020 4420 possis
1038 4353 1048 4420 ΙΙ
1070 4358 1118 4403 858
1138 4357 1318 4424 contrectasti
1338 4361 1384 4406 850

257 4445 312 4483 rem
329 4438 461 4485 omissam.
478 4432 489 4498 ΙΙ
509 4437 557 4484 860
577 4431 671 4486 Mollia
688 4435 699 4502 ll
718 4437 766 4485 807
786 4434 931 4485 consistere
949 4435 959 4500 ll
979 4441 1114 4503 reputant.
1134 4437 1144 4503 ΙΙ
1163 4441 1212 4487 872
1232 4438 1318 4492 inacta
