2990 5182
275 473 344 541 :tet
800 471 850 538 VI

272 669 350 711 nas
374 668 618 710 rsuresrns.
640 643 816 732 Oblongus
833 644 988 724 Flcmote,
1004 642 1095 729 apud
1111 643 1258 708 Nonium
1273 644 1380 728 pilli,

275 747 310 808 17
328 744 504 810 Flamma.
527 743 582 808 hic
598 742 766 808 Antonius
778 741 880 834 Marii
896 749 931 806 et
944 741 1109 807 Marullus
1123 741 1269 826 permirc
1286 743 1379 806 irradio

272 844 308 908 cle
326 844 458 928 plaude.
486 841 585 917 Pius,
612 841 667 906 vel
688 842 803 925 potius
825 849 884 906 aut
907 840 1109 906 Hermolaus
1131 840 1305 906 Barbarus
1327 856 1379 904 aut
1478 851 1479 864 ¹

271 941 478 1026 Pomponius
489 939 616 1004 Laetus
631 945 691 1002 aut
700 938 879 1023 Philippus
891 938 1079 1004 Beroaldus
1094 939 1189 1022 (Pius
1204 939 1292 1002 enim
1306 941 1379 1002 criti·

271 1038 764 1126 qaamlectioacmtestificatur),
775 1059 930 1101 cumcun
941 1036 1216 1102 asscribendum
1225 1035 1378 1100 vidisset.

272 1147 384 1202 tamen
394 1136 595 1200 sententiam
609 1143 644 1199 et
654 1135 817 1200 orationis
831 1133 973 1199 formam
984 1155 1054 1198 non
1067 1136 1237 1222 percepit.
1252 1135 1311 1198 hic
1320 1135 1376 1219 igi·

271 1245 327 1300 tur
342 1234 435 1321 quod
449 1233 594 1308 fecerat,
607 1233 709 1297 audio
723 1233 761 1296 dc
775 1233 878 1312 clodo,
897 1253 972 1297 oum
986 1231 1024 1296 id
1037 1231 1228 1318 Naugerius
1244 1252 1376 1316 expres-

271 1334 390 1408 sisset,
411 1331 594 1398 Lambinus
608 1329 703 1416 lihris
717 1330 787 1393 suis
802 1350 871 1394 non
890 1330 1053 1414 inspectis
1067 1330 1196 1396 frustra
1211 1329 1376 1414 explicare

272 1437 414 1496 conatus
430 1436 501 1503 est,
525 1428 677 1493 Gil'anius
693 1436 728 1492 et
741 1428 863 1492 Daniel
876 1427 1005 1492 Parcus
1027 1437 1198 1514 tamquam
1209 1429 1378 1513 apertissi-

270 1551 359 1594 mum
369 1529 593 1616 transierunt.
608 1527 720 1592 Fabro
737 1526 937 1608 et‘Bentleio
952 1534 1075 1612 perata
1089 1527 1188 1590 venia
1203 1534 1274 1600 est,
1290 1526 1376 1611 quod

271 1629 357 1692 alter
370 1647 550 1711 numquam
566 1625 652 1690 alter
666 1623 816 1690 nondum
832 1625 968 1710 cognita
989 1633 1106 1690 vetere
1121 1625 1291 1709 scriptura
1312 1646 1376 1688 non
1480 1659 1481 1698 r

270 1727 353 1790 satis
367 1745 448 1788 vere
463 1731 673 1808 temptarunt
693 1725 747 1788 dic
761 1723 798 1786 de
813 1723 899 1786 clade
914 1731 949 1787 et
963 1723 1117 1788 Erwelcdi
1131 1723 1168 1787 de
1183 1723 1290 1786 clade:
1308 1722 1377 1787 Sal-

270 1823 393 1888 masius
409 1831 520 1886 autem
540 1822 668 1906 pariter
683 1843 723 1885 ao
738 1827 836 1886 vetus
850 1820 906 1884 ille
920 1820 1027 1885 Italus
1045 1821 1220 1905 peccavit,
1243 1842 1318 1884 cum
1331 1821 1376 1884 in·

270 1921 440 2008 aptissime
451 1919 532 1983 fecit
544 1920 646 1983 medio
660 1943 676 1982 e
691 1943 725 1982 re
740 1919 827 1982 clade
842 1930 961 1984 coorta.
978 1919 1116 1983 isaacus
1126 1917 1271 1984 Vossius
1284 1939 1375 2005 egre·

268 2021 321 2107 gie
343 2019 426 2084 etin
447 2017 581 2082 homine
596 2016 711 2081 iudicii
726 2015 810 2080 alias
832 2017 1077 2102 perversissimi
1092 2015 1192 2080 valde
1206 2015 1375 2080 laudanda

269 2117 589 2203 simplicitatemque
600 2119 680 2181 mim
694 2137 792 2179 usur
802 2137 822 2180 o
832 2137 849 2179 c
858 2137 896 2178 ar
913 2115 1016 2180 clade.
1028 2114 1064 2179 id
1075 2117 1267 2199 probarunt
1276 2115 1375 2179 Nico·

268 2217 342 2280 laus
351 2215 511 2280 Heinsius
524 2213 569 2278 ad
579 2211 692 2278 Ovidii
704 2212 924 2296 metamorph.
935 2211 1266 2286 1v‚536‚llichardus
1276 2213 1376 2276 Bent-
1481 2269 1482 2308 i

268 2315 370 2388 laius,
385 2320 566 2398 postquam
578 2312 739 2397 cognovit
749 2309 840 2394 (vide
851 2309 1010 2380 editionis
1023 2308 1242 2397 Glasguensis
1254 2319 1376 2376 tomum

268 2436 302 2476 rv
314 2435 345 2497 p.
354 2411 428 2496 454)
437 2459 445 2491 ,
462 2409 634 2474 Gilbertns
644 2408 875 2473 Wakefieldus
890 2408 947 2473 liic
959 2408 1095 2493 quidem
1105 2409 1241 2473 veritati
1258 2429 1376 2476 conce-

269 2512 370 2576 dens:
387 2518 506 2573 contra
521 2509 711 2572 reiecerunt
726 2506 908 2572 Creeohius
920 2555 928 2582 ‚
940 2507 1211 2592 Hevercampu8‚
1226 2507 1377 2573 Eichsta-

269 2607 363 2680 dius,
386 2604 566 2689 splendida
588 2604 717 2668 scilieet
737 2605 873 2690 ingenui
893 2604 1007 2670 iudicii
1023 2605 1193 2690 exempla:
1215 2605 1377 2694 Forhiger

266 2704 350 2769 illud
362 2698 472 2787 ‘quem
487 2723 621 2765 sensum
635 2701 793 2788 idoneum
817 2704 1006 2787 praeberet'
1022 2725 1097 2768 sese
1112 2705 1307 2791 perspicere
1320 2729 1376 2770 ne-

268 2802 536 2889 gavit‚leotores
548 2809 660 2866 autem
672 2823 733 2866 suo
746 2802 871 2866 iudicio
880 2805 930 2868 uti
941 2801 1148 2868 iussit.mihi
1159 2802 1300 2868 dubium
1310 2827 1375 2869 non
1482 2857 1483 2896 ,

269 2901 414 2986 atquin
426 2921 498 2964 eum
512 2902 627 2964 onmes
638 2899 748 2963 Pareo
761 2900 957 2965 simillimum
969 2900 1118 2966 habituri
1130 2901 1215 2965 sint.
1229 2911 1375 2968 ceterum

256 3001 407 3090 flammae
422 3009 577 3085 {asportor
591 3019 679 3082 quae
695 2998 739 3062 sit
752 3019 822 3062 non
835 2997 1012 3084 intellego:
1035 3005 1128 3062 recte
1142 3001 1373 3084 probaverunt

267 3099 292 3164 F
300 3120 464 3162 nentina
480 3096 638 3160 Heinsius
654 3103 689 3159 et
700 3094 948 3160 Wakefieldus.
1040 3149 1053 3174 ,

347 3197 755 3260 648.υΕεΡιοιΕΝυυΜ.
769 3191 930 3278 Impressi
945 3215 1262 3259 nrsrrcrsrnuu.
1278 3195 1373 3260 simili

264 3293 365 3360 modo
378 3292 554 3356 Vitruvius
575 3292 756 3376 dispicimdi
768 3292 875 3357 verbo
890 3313 972 3356 usus
993 3299 1047 3356 est
1059 3293 1094 3356 in
1108 3315 1153 3367 rx,
1163 3294 1192 3368 4,
1202 3293 1238 3366 5,
1252 3317 1373 3358 eorum·

264 3418 321 3480 qtae
336 3394 436 3475 capita
450 3392 529 3454 inter
542 3413 573 3455 ae
587 3391 778 3475 diapicieatic
791 3401 861 3454 sard
874 3391 1036 3455 collocati.

347 3491 415 3553 651.
431 3509 709 3553 nonrsnsrun.
734 3487 837 3573 Apud
848 3488 994 3554 Nouium
1009 3510 1042 3573 p.
1055 3489 1121 3565 136,
1134 3491 1171 3554 14
1185 3491 1372 3566 macana,

264 3588 388 3652 omisso
403 3588 460 3649 eit.
484 3609 520 3650 ae
533 3586 654 3650 litteris
676 3587 833 3652 librarius
854 3587 1033 3674 archetypi
1054 3611 1137 3653 usus
1153 3597 1207 3654 est
1228 3588 1275 3652 ad
1288 3588 1373 3653 indi·

263 3684 407 3751 candum
426 3683 518 3747 illum
540 3691 694 3767 apertum
710 3709 726 3747 e
746 3684 880 3750 litterae
902 3706 1022 3750 sonum
1038 3685 1081 3750 de
1097 3707 1165 3771 quo
1187 3685 1259 3751 dixi
1277 3687 1324 3751 ad
1338 3686 1374 3750 li·

261 3787 359 3851 brum
373 3805 404 3860 v,
415 3781 512 3856 1229,
529 3802 636 3867 eoque
647 3781 723 3846 Itali
737 3783 840 3848 hodie
854 3791 998 3848 utuntur
1011 3785 1046 3848 in
1060 3787 1219 3850 amarimo
1235 3793 1270 3850 et
1285 3793 1373 3850 cete-

261 3885 308 3947 ris
318 3883 388 3946 eius
399 3881 507 3945 modi.
518 3879 597 3945 huic
607 3901 691 3944 sono
701 3881 921 3966 exprimendo
930 3889 1046 3968 aptum
1058 3890 1111 3947 est
1120 3883 1269 3968 signum,
1280 3882 1372 3968 quod

261 3980 373 4044 multis
388 3979 531 4065 placuit,
546 4004 589 4058 ω,
611 3979 732 4044 litteris
747 3981 974 4065 complicatis.
990 3981 1216 4046 Terentianus
1231 3983 1372 4046 Maurus

260 4101 292 4162 p.
303 4077 384 4140 2393
396 4077 477 4141 2394
499 4099 566 4141 non
587 4078 808 4162 reprehendit
830 4100 889 4143 eos
912 4080 968 4164 qui
990 4103 1054 4144 σιω
1068 4079 1122 4142 vel
1139 4081 1290 4166 ‘dispolio
1310 4099 1373 4165 per

261 4173 498 4267 diphthongpn
510 4175 679 4250 dicerent,
696 4176 757 4240 sed
769 4177 825 4261 qui
840 4178 955 4262 priore
966 4177 1074 4242 vocali
1089 4177 1261 4264 producta
1272 4177 1371 4262 diph-

260 4273 413 4360 thongon
426 4272 641 4349 diducerent,
653 4283 692 4338 ut
700 4278 859 4340 Aeta-caci
870 4285 904 4340 et
914 4301 994 4341 cce-c
1002 4285 1212 4342 sonarentut
1220 4278 1370 4342 Archeti-

258 4397 293 4435 τις
315 4381 350 4436 ot
364 4375 549 4454 Ariete-rm
571 4394 771 4458 quamquam
793 4373 1048 4458 productiorem
1070 4397 1189 4440 sonum
1210 4375 1369 4440 concedit

257 4473 376 4556 arupicl
392 4479 426 4534 et
448 4495 526 4534 carro
548 4479 582 4534 et
598 4470 728 4536 Graeco
752 4472 873 4554 airaon,
897 4475 991 4536 cuius
1007 4473 1217 4538 differentiae
1231 4495 1367 4538 causam
