2970 5268
6 441 7 480 l
54 489 56 492 -
612 437 676 508 1111
1139 438 1206 508 123

74 612 240 679 cernundi
254 633 364 700 neque
378 634 480 699 posse
494 613 566 678 sine
580 611 633 678 his
648 631 703 678 res
717 611 785 676 ulla
798 611 918 678 videri.

72 749 162 793 nune
177 749 220 793 ea
234 749 323 814 quae
338 726 413 792 dieo
427 749 538 794 rorum
552 727 728 792 simulacra
740 725 893 792 feruntur

21 862 55 906 eu
75 841 224 928 undique
241 851 277 907 et
290 844 325 906 in
339 850 477 908 onnotas
490 843 657 908 iaciuntur
672 839 778 908 didita
791 841 912 928 partis:

73 978 188 1021 verum
203 977 271 1022 nos
285 957 390 1022 oeulis
406 957 484 1043 quia
498 958 578 1023 solis
593 977 731 1024 cernere
745 956 890 1043 quimus,

74 1071 309 1160 propterea'fit
321 1072 387 1148 uti,
398 1073 542 1158 speeiem
557 1092 625 1157 quo
639 1071 818 1144 vertimus,
829 1091 944 1136 omnes

74 1211 123 1251 res
137 1187 185 1251 ibi
201 1207 276 1251 eam
291 1193 409 1250 eontra
423 1185 546 1252 feriant
558 1185 668 1251 forma
680 1193 784 1272 etque
798 1182 926 1252 colore.

74 1312 107 1366 et
121 1313 287 1387 quantum
303 1321 455 1386 quaeque
469 1302 512 1366 ab
525 1302 625 1368 uobis
639 1323 694 1366 res
709 1300 814 1378 absit,
824 1301 933 1388 imago

24 1435 58 1479 iu
76 1415 178 1480 efficit
191 1423 232 1480 ut
246 1413 418 1480 videamus
434 1425 469 1482 et
480 1417 710 1482 internoscere
724 1416 830 1502 cogit:

6 1601 7 1638 p
74 1553 148 1596 nam
163 1553 243 1596 oum
257 1531 400 1596 mittitur
410 1579 418 1608 ‚
428 1531 595 1619 extemplo
610 1528 781 1617 protrudit
793 1531 930 1618 agitque

6 1735 7 1740 ἵ
76 1654 152 1712 atra
168 1645 230 1732 qui
242 1646 331 1709 inter
346 1667 382 1710 se
397 1666 538 1731 eumque
552 1653 606 1710 est
619 1645 804 1732 oculosque
817 1645 961 1726 locatus,

6 1751 7 1804 ἓ
73 1765 168 1848 isque
183 1761 233 1824 ita
246 1781 307 1846 per
321 1767 456 1825 nostras
472 1761 560 1826 eoies
575 1760 757 1846 perlabitur
772 1761 877 1826 omnis

73 1890 104 1940 et
118 1875 220 1962 quasi
234 1883 406 1961 perterget
418 1875 561 1964 pupillas
575 1883 677 1960 atque
690 1876 738 1940 ita
750 1875 888 1940 transit.

22 2009 51 2052 :u
68 1999 253 2078 propterea
266 1989 305 2055 fit
317 1990 368 2054 uti
381 1989 553 2054 videamus
567 2011 666 2076 quam
681 1991 802 2077 procul
814 1991 903 2056 absit

21 2123 54 2168 az·
72 2127 125 2170 res
140 2125 314 2192 quaeque.
327 2113 362 2170 et
375 2113 500 2190 quanto
516 2104 591 2192 plus
606 2106 692 2170 atris
707 2113 786 2170 ente
799 2106 944 2192 agitatur

21 2239 53 2282 ti
73 2231 104 2285 et
117 2228 261 2285 nostros
277 2219 393 2285 oeulos
407 2227 580 2306 perterget
591 2221 723 2306 longior
737 2240 834 2297 aura,

71 2345 139 2400 tam
154 2335 276 2422 procul
289 2335 482 2420 essemagis
496 2355 551 2398 res
567 2354 719 2419 quaeque
733 2344 862 2400 remota
875 2334 1025 2403 videtur.

73 2448 314 2525 scilieet‚haee
328 2469 452 2514 summe
467 2449 566 2513 celeri
580 2447 710 2513 ratione
724 2458 902 2536 geruntur,

6 2639 7 2664 χ
21 2583 51 2627 os
72 2565 170 2651 quale
184 2565 231 2629 sit
243 2573 281 2630 ut
294 2562 483 2640 videamus,
494 2571 528 2629 et
542 2585 609 2628 una
623 2584 722 2648 quam
736 2565 856 2650 prooul
870 2567 973 2632 absit.

71 2677 153 2744 illud
167 2679 202 2743 in
217 2680 270 2744 his
285 2679 386 2744 rebus
400 2679 530 2744 minime
543 2679 693 2744 mirabile
706 2677 947 2756 habendumst‚

73 2817 148 2870 our,
161 2815 202 2858 ea
216 2815 303 2880 quae
316 2793 437 2860 feriant
451 2795 567 2860 oeulos
581 2795 756 2859 simidaora
770 2795 877 2860 videri

73 2909 291 2996 singularum
305 2919 491 2995 nequeant,
501 2930 557 2974 res
571 2911 665 2996 ipsae
679 2910 938 2994 perspicientur.

73 3033 193 3089 ventus
208 3023 293 3088 enim
308 3045 443 3109 quoque
457 3024 616 3109 paulatim
630 3043 705 3086 oum
719 3023 877 3087 verberat
891 3031 926 3090 et
940 3045 1028 3088 oum,

24 3157 55 3201 zu
74 3161 148 3204 aere
161 3137 236 3204 fluit
249 3139 353 3225 frigus
362 3187 371 3214 ‚
381 3159 450 3202 nou
465 3138 594 3225 privam
610 3156 775 3222 quamque
788 3125 936 3202 solemus

24 3273 57 3312 us»
74 3253 266 3341 particulam
280 3253 371 3318 venti
385 3252 511 3317 sentire
526 3260 562 3316 et
573 3250 708 3338 frigoris
723 3250 810 3324 eius,
969 3253 970 3256 ’

24 3387 58 3429 se
76 3367 133 3432 sed
147 3369 252 3455 magis
266 3389 443 3444 morsum,
454 3367 591 3453 fierique
606 3363 748 3452 perinde
762 3362 913 3431 videmus

76 3503 213 3570 corpore
228 3492 297 3547 tum
312 3483 427 3568 plagas
440 3483 475 3547 in
487 3491 607 3548 nostro
622 3491 691 3547 tam
705 3501 805 3566 quam
819 3481 949 3567 aliquae
964 3505 1018 3550 res

75 3599 227 3663 verberet
241 3605 343 3682 atque
358 3597 409 3662 sui
424 3595 482 3662 det
495 3617 630 3662 sensum
644 3596 797 3682 eorporis
813 3606 925 3662 extra.

25 3728 58 3770 m
76 3722 247 3798 praeterea
260 3711 405 3798 lapidem
419 3697 523 3798 digito
539 3733 615 3776 eum
629 3697 817 3788 tmdimus‚
827 3713 937 3798 ipsum

75 3828 236 3914 tangimus
251 3835 434 3891 extremum
449 3830 521 3892 saxi
536 3847 765 3912 summumque
780 3825 941 3908 colorem,

76 3963 133 4006 neo
146 3942 309 4006 sentimus
324 3962 397 4006 eum
412 3949 505 4007 tactu
515 3989 523 4018 ‚
535 3962 650 4005 verum
663 3941 768 4027 magis
781 3940 888 4028 ipsam

76 4053 225 4121 duritiem
238 4057 374 4144 penitus
388 4057 460 4122 sexi
475 4056 636 4122 sentimus
649 4055 684 4119 in
698 4055 783 4120 alto.

78 4341 123 4389 κιο
141 4335 231 4390 dedita
250 4337 260 4403 u
279 4327 327 4388 nit
347 4345 434 4388 eursu
462 4337 472 4403 n
499 4341 548 4389 eit
567 4334 688 4407 protudit
715 4335 725 4404 n
752 4341 801 4388 249
819 4345 942 4408 perege
969 4341 979 4407 ιι
1007 4345 1055 4392 nse
1074 4345 1167 4393 revota
1189 4339 1200 4406 u

77 4423 119 4472 261
140 4421 253 4490 primam
270 4419 281 4486 11
301 4424 349 4472 267
368 4419 436 4490 ipsa.
