2970 5268
654 381 686 444 V

103 555 214 618 exitium
229 555 342 618 celeri
360 555 497 618 celatur
512 555 639 640 origine
654 554 821 618 llemmse.

40 671 42 732 l
100 669 240 754 sicigitur
256 669 383 734 solem
400 669 511 734 lunam
526 669 707 754 stellasque
722 668 942 756 putandumst

98 807 126 846 er
138 783 197 846 alio
213 793 330 870 atque
350 784 423 848 alio
439 783 545 848 lucem
560 785 685 848 iactare
700 784 842 848 subortu

95 914 117 960 et
128 900 269 984 primum
287 897 466 986 quicquid
480 879 683 962 flammarum
698 897 840 984 perdere
856 919 1003 986 semper;

59 1031 78 1068 ,ι
92 1011 283 1078 inviolabilia
300 1013 458 1078 haecne
473 1012 592 1077 credas
606 1012 694 1076 forte
709 1014 836 1098 vigere.

124 1125 284 1213 Denique
302 1151 385 1194 non
401 1126 528 1214 lapides
544 1149 679 1213 quoque
694 1127 780 1191 vinci
797 1129 904 1192 cernis
919 1129 961 1194 ab
976 1148 1075 1202 aevo,

90 1263 143 1304 ron
157 1241 248 1306 altas
266 1244 387 1308 turris
402 1264 498 1306 ruere
514 1253 548 1306 et
563 1253 756 1330 putrescere
771 1263 869 1318 saxa,

90 1377 143 1418 non
158 1355 318 1422 delubra
336 1357 440 1422 deum
455 1358 697 1443 simulacraque
710 1357 801 1421 fessa
815 1356 938 1430 fatisci,

90 1491 140 1533 nec
154 1483 329 1536 sanetum
346 1494 468 1537 numen
483 1472 542 1537 fati
556 1473 739 1561 protollere
753 1473 827 1536 linis

60 1632 62 1638 .
87 1606 174 1668 posse
190 1609 319 1674 neque
338 1587 501 1652 adversus
517 1597 655 1652 naturae
670 1587 810 1653 foedera
824 1588 908 1651 niti?

89 1697 224 1786 denique
241 1725 326 1768 non
342 1703 543 1768 monimenta
557 1705 664 1768 virum
680 1703 811 1788 dilapsa
824 1701 990 1776 videmus,

90 1815 261 1896 quaesere
278 1839 455 1904 proporro
470 1819 676 1904 vetitumque
692 1839 867 1882 senescere
882 1818 1015 1894 credas,

89 1949 145 1990 non
159 1952 269 1996 ruere
289 1934 431 1998 avolsos
446 1933 555 1997 silices
571 1955 591 1997 a
605 1934 772 1998 montibus
788 1932 864 1998 altis

92 2063 143 2106 nee
157 2025 310 2112 validas·
321 2048 395 2111 aevi
408 2049 497 2112 vires
512 2047 661 2134 perferre
677 2049 813 2135 patique
858 2047 863 2060 '

59 2169 74 2210 t
89 2153 188 2222 finiti?
200 2183 327 2250 neque
342 2163 427 2226 enim
443 2161 602 2227 caderent
616 2164 732 2227 avolsa
746 2171 900 2250 repente,

93 2291 128 2334 ex
140 2273 280 2342 infinito
299 2299 385 2364 quae
401 2291 552 2364 tempore
568 2278 830 2366 pertolerassent

94 2389 198 2452 omnia
211 2401 392 2458 tormenta
406 2393 541 2468 aetatis,
553 2394 684 2479 privata
696 2393 847 2479 fragore.

129 2501 293 2594 Denique
309 2509 373 2573 iam
387 2515 481 2572 tuere
496 2507 579 2584 hoe,
592 2510 714 2574 circum
729 2529 898 2596 supraque
913 2507 1006 2594 quod
1021 2529 1149 2575 omnem

97 2620 244 2686 continet
260 2623 418 2710 amplexu
432 2631 571 2687 terram:
586 2625 613 2688 si
629 2632 786 2710 procreat
801 2646 842 2688 ex
858 2646 894 2688 se

60 2745 79 2780 τ’·
95 2733 219 2812 omnis,
232 2737 332 2824 qnod
347 2737 481 2824 quidam
497 2739 893 2826 rnemorant‚recipitque
908 2747 1098 2827 perempto,

101 2851 202 2914 lotum
219 2852 371 2916 nativum
386 2853 519 2918 mortali
534 2876 675 2939 corpore
691 2862 838 2918 constat.

99 2979 168 3025 nam
184 2966 284 3051 quod
299 2989 440 3053 cumque
455 2969 536 3032 alias
552 2991 593 3032 ex
609 2991 645 3031 se
661 2990 714 3031 res
730 2975 831 3052 auget
845 2966 987 3050 alitque,

102 3071 246 3148 deminui
263 3080 381 3157 debet,
393 3083 553 3158 recreari,
566 3105 638 3146 cum
654 3081 773 3166 recipit
787 3101 858 3143 res.

26 3214 28 3240 r
135 3190 324 3262 Praeterea
337 3197 364 3260 si
379 3198 469 3263 nulla
482 3196 545 3261 fuit
558 3197 711 3282 genitalis
726 3195 820 3280 origo

54 3309 84 3357 ³²⁵
102 3311 264 3378 terrerum
279 3319 314 3376 et
328 3313 409 3377 caeli
424 3334 623 3398 semperque
638 3321 774 3377 aeterna
788 3309 897 3384 fuere,

105 3439 158 3486 eur
172 3449 299 3516 supera
313 3427 432 3492 bellum
448 3427 646 3492 Thebanum
662 3437 696 3492 et
710 3426 827 3491 funera
842 3424 964 3490 Troiae

104 3555 167 3604 non
181 3543 265 3608 alies
280 3542 333 3606 alii
348 3563 484 3628 quoque
498 3566 553 3608 res
569 3545 720 3608 cecinere
735 3540 880 3630 politae?

107 3669 169 3734 quo
185 3665 239 3723 tot
253 3657 342 3722 facta
355 3658 462 3722 virum
477 3660 600 3724 totiens
617 3657 769 3723 cecidere
784 3677 893 3742 neque
908 3675 1050 3739 usquam

107 3774 247 3837 aeternis
261 3773 369 3837 famae
382 3772 593 3838 monimentis
607 3774 707 3838 insito
721 3772 865 3836 florent?

57 3884 90 3936 ³³0
107 3901 215 3951 verum
226 3937 233 3962 ‚
243 3898 281 3953 ut
296 3888 417 3974 opinor
426 3937 434 3963 ‚
443 3887 546 3953 habet
560 3889 741 3953 novitatem
756 3907 882 3950 summa
892 3935 899 3961 ,
910 3905 1096 3970 recensque

109 4009 254 4068 nequest
268 4002 384 4068 mundi
398 4024 508 4090 neque
523 4001 651 4089 pridem
668 4000 806 4066 exordia
821 3999 923 4084 cepit.

112 4202 155 4252 331
174 4201 306 4256 celeratur
332 4201 343 4270 ΙΙ
369 4207 418 4254 303
437 4181 636 4272 ρυῑειιάιιω.Ἰὶ
665 4206 712 4254 304
732 4197 859 4270 quidquid
887 4200 896 4268 ll
924 4205 974 4251 310
993 4196 1133 4252 foederent
1156 4197 1165 4264 ll
1185 4200 1234 4247 313

115 4277 244 4344 Quaerere
262 4287 272 4354 ll
290 4285 342 4341 sibi
360 4302 471 4356 cumque
489 4283 499 4354 [l
519 4291 568 4338 313
586 4301 678 4338 omne.
706 4286 715 4347 ll
744 4287 793 4334 326
811 4281 903 4336 sunere
923 4283 932 4348 ll
961 4288 1008 4334 327
1028 4281 1061 4334 nli
1081 4281 1092 4347 ΙΙ
1111 4283 1157 4330 331
1178 4277 1234 4330 Na-

115 4373 168 4422 ture
186 4368 305 4423 mundist
895 4401 900 4408 ·
