2946 5188
252 458 296 525 42
795 455 827 522 ll

248 652 285 694 re
300 651 447 715 veraque
463 637 569 694 metus
583 627 750 692 hominum
766 647 932 712 curaeque
948 648 1111 713 sequaces

247 767 310 809 nec
324 752 475 809 metuunt
488 743 619 807 sonitus
633 763 798 808 armorum
812 763 875 806 nec
888 741 961 806 sera
974 743 1059 818 tela,

187 877 218 922 50
249 858 476 943 audacterque
490 857 577 922 inter
591 877 690 943 reges
703 877 881 942 rerumque
895 857 1043 942 potentis

248 981 442 1048 versantur,
453 993 562 1058 neque
576 970 738 1057 fulgorem
752 979 947 1036 reverentur
962 971 1005 1034 ab
1020 991 1102 1034 auro
1121 1037 1122 1040 ,
1216 966 1221 978 ’

247 1109 310 1152 nec
325 1089 449 1152 clarum
463 1085 567 1151 vestis
582 1083 796 1170 splendorem
810 1085 1007 1171 purpuram,
1166 1071 1175 1094 ¹

249 1201 331 1287 quid
346 1200 479 1266 dubitas
494 1201 575 1286 quin
590 1201 686 1264 omni'
701 1200 745 1265 sit
759 1199 843 1264 haec
856 1199 987 1264 rationi’
1002 1180 1175 1284 potestas?

252 1317 358 1380 omnis
373 1337 447 1380 cum
460 1317 494 1379 in
511 1315 658 1380 tenebris
672 1313 868 1400 pracsertim
882 1313 952 1378 vita
965 1313 1109 1378 laboret:

188 1447 219 1492 55
248 1450 325 1493 nam
339 1431 393 1494 vel
406 1430 455 1493 uti
469 1429 563 1516 pueri
578 1426 750 1514 trepidant
763 1437 865 1512 atque
879 1428 989 1492 omnia
1004 1428 1110 1491 caecis

247 1545 281 1607 in
297 1543 444 1608 tenebris
458 1550 625 1616 metuunt,
637 1541 685 1604 sio
698 1563 762 1606 nos
777 1543 810 1604 in
824 1541 897 1606 luce
912 1542 1063 1606 timemus

247 1658 334 1721 inter
349 1655 428 1720 dum
437 1705 445 1733 ,
455 1657 522 1720 nilo
539 1677 624 1742 quae
639 1663 718 1719 sunt
731 1654 910 1720 metuenda
923 1657 1027 1740 magis
1042 1677 1140 1742 quarn

161 1757 163 1764 ¹
249 1791 335 1856 quae
348 1771 444 1856 pueri
456 1771 491 1834 in
505 1769 651 1834 tenebris
666 1771 816 1855 pavitant
830 1771 1025 1856 finguntque
1038 1769 1164 1834 futura

248 1886 338 1949 hune
353 1885 452 1970 igitur
466 1893 630 1949 terrorem
644 1886 741 1949 animi
755 1887 979 1971 tenebrasque
994 1893 1165 1950 necessest

187 2016 220 2063 eo
249 2021 317 2064 non
331 1997 417 2064 radii
432 1999 512 2063 solis
528 2020 637 2084 neque
651 1998 762 2086 lucida
776 2000 844 2064 tela
858 1999 924 2064 diei

249 2112 445 2188 discutiant,
457 2111 517 2178 sed
532 2121 671 2178 naturae
687 2115 815 2200 speeies
829 2115 998 2199 ratioque.
1064 2105 1073 2122 ⁰

290 2227 388 2292 Nunc
403 2249 482 2315 age,
494 2250 561 2313 quo
575 2237 667 2294 motu
681 2229 837 2315 genitalia
851 2229 997 2293 materiai

249 2364 394 2428 corpora
408 2364 463 2407 res
478 2343 587 2407 varias
603 2344 741 2429 gignant
754 2344 950 2428 genitasque
964 2343 1150 2418 resolvant,

248 2465 282 2520 et
297 2458 409 2541 quavi
423 2454 585 2520 facereid
600 2465 781 2543 cogantur,
793 2477 946 2541 quaeque
961 2457 1005 2520 sit
1020 2456 1094 2521 ollis

187 2589 219 2633 55
248 2569 382 2634 reddita
394 2569 561 2634 mobilitas
574 2590 728 2654 magnum
743 2590 803 2657 per
816 2571 914 2632 inane
928 2568 1075 2644 meandi,

249 2682 442 2768 expediam:
455 2693 492 2746 tu
506 2693 541 2748 te
556 2682 655 2747 dictis
669 2683 832 2767 praebere
847 2691 1025 2748 memento.

248 2819 324 2862 nam
339 2805 430 2861 certe
444 2819 513 2861 non
527 2798 614 2862 inter
627 2819 664 2862 se
679 2798 801 2883 stipata
816 2797 975 2862 cohaeret

248 2912 418 2988 materies,
430 2913 587 2996 quoniam
602 2913 702 2976 minui
716 2934 786 2976 rem
803 2933 967 2997 quamque
982 2910 1146 2986 videmus,

249 3037 284 3092 et
299 3027 393 3114 quasi
408 3027 590 3114 longinquo
607 3025 709 3090 lluere
724 3028 834 3091 omnia
849 3028 1013 3090 cernimus
1028 3047 1110 3090 aevo

187 3159 218 3205 70
249 3163 291 3208 ex
306 3142 478 3227 oculisque
493 3149 694 3206 vetustatem
709 3141 898 3207 subducere
913 3142 1052 3214 nostris,

249 3277 323 3320 cum
337 3265 448 3320 tamen
461 3257 634 3320 incolumis
648 3254 802 3320 videatur
818 3278 945 3319 summa
959 3277 1090 3319 manere

248 3378 429 3454 propterea
444 3369 537 3453 quia,
549 3389 634 3453 quae
650 3367 820 3432 decedunt
834 3390 979 3453 corpora
993 3369 1126 3455 cuique,

249 3481 339 3547 unde
354 3483 478 3546 abeunt
491 3482 658 3556 minuunt,
670 3502 737 3565 quo
752 3503 875 3546 venere
890 3485 1042 3568 augmine
1057 3483 1200 3561 donant,

246 3596 303 3660 illa
317 3617 491 3661 senescere
506 3603 541 3659 at
555 3595 638 3659 haeo
653 3602 772 3659 contra
786 3596 964 3686 florescere
978 3607 1119 3684 cogunt.

187 3729 219 3774 75
246 3732 309 3774 nee
323 3719 534 3775 remorantur
549 3709 609 3773 ibi.
621 3711 669 3774 sie
684 3731 795 3774 rerum
810 3733 938 3776 summa
950 3721 1095 3778 novatur

250 3846 398 3911 semper,
411 3833 445 3889 et
458 3825 545 3889 inter
561 3847 597 3888 se
611 3825 771 3890 mortales
785 3833 898 3891 mutua
911 3829 1043 3892 vivunt.
1086 3881 1093 3896 ,

249 3947 433 4026 augescunt
447 3940 528 4004 aliae
543 3948 678 4026 gentes,
690 3939 772 4004 aliae
786 3941 992 4016 minuuntur,

247 4056 348 4140 inque
363 4055 457 4118 brevi
472 4035 580 4141 edatio
595 4063 765 4120 mutantur
780 4057 891 4120 saecla
905 4056 1106 4120 animantum

249 4176 283 4233 et
297 4170 393 4254 quasi
408 4189 563 4262 cursores
578 4169 657 4234 vitai
673 4169 828 4256 lampada
843 4169 996 4234 tradunt.

252 4424 283 4469 52
295 4433 424 4488 purpura.
444 4418 454 4485 11
473 4423 504 4468 54
517 4417 637 4468 reborat.
657 4417 667 4486 ll
686 4424 717 4470 52
731 4418 868 4470 materiae.
887 4416 897 4486 ll
917 4423 950 4470 68
963 4419 1192 4489 quamquidemus.
1206 4419 1215 4486 li
1230 4423 1260 4470 7³
1275 4420 1378 4489 agmine
