2946 5188
614 479 629 546 Ι

25 665 48 712 aa
66 670 239 726 musarum,
251 670 318 735 quo
333 671 422 714 nunc
436 651 614 716 instinctus
627 660 738 718 mente
753 655 878 740 vigenti

44 849 48 856 ι
66 765 131 827 avia
142 763 309 828 Pieridum
323 785 468 851 peragro
481 765 558 830 loca
570 767 692 832 nullius
707 777 783 833 ante

66 879 135 942 uita
149 878 220 945 solo
230 927 237 942 .
248 879 340 943 iuvat
353 881 503 966 integros
518 881 679 946 accedere
694 883 797 948 fontis

67 1002 154 1078 atque
167 993 319 1068 haurire,
330 995 489 1079 iuvatque
504 1016 612 1059 novos
628 995 809 1082 decerpere
823 998 923 1064 liores

66 1107 279 1192 insignemque
294 1129 367 1171 meo
384 1108 484 1194 capiti
498 1116 614 1195 petere
627 1108 706 1174 inde
722 1133 894 1188 coronam,

25 1237 48 1282 n
65 1220 140 1284 unde
153 1221 245 1307 prius
258 1221 340 1285 nulli
353 1222 496 1287 velarint
510 1231 663 1309 tempora
676 1247 806 1304 musae3

66 1336 189 1418 primum
205 1334 300 1421 quod
313 1338 441 1422 magnis
457 1336 565 1402 doceo
582 1337 740 1403 derebus
756 1349 791 1405 et
804 1343 886 1407 artis

65 1448 241 1533 religionum
258 1449 401 1514 annuum
414 1451 514 1516 nodis
530 1453 705 1518 exsolvere
719 1475 839 1540 pergo,

66 1560 170 1626 deiude
185 1561 279 1647 quod
294 1564 439 1629 obscura
453 1564 495 1629 de
509 1587 546 1630 re
562 1573 628 1630 tam
642 1566 753 1631 lucida
766 1589 878 1655 pango

65 1679 206 1752 carmina,
217 1699 355 1742 musaeo
372 1680 568 1765 contingens
584 1689 704 1756 cuncta
717 1682 847 1769 lepore.

25 1803 48 1848 ut
64 1789 93 1852 id
106 1813 232 1876 quoque
248 1793 335 1856 enim
348 1813 418 1856 non
432 1794 474 1858 ab
489 1794 580 1858 nulla
593 1796 724 1859 ratione
738 1797 889 1875 videtur3

66 1903 114 1966 sed
126 1905 236 1970 veluti
251 1907 365 1993 pueris
380 1908 545 1972 absinthia
560 1917 669 1972 taetra
682 1908 854 1974 medentes

67 2039 125 2081 cum
139 2018 214 2084 dare
230 2027 414 2096 conantur,
426 2023 519 2108 prius
535 2044 629 2098 oras,
641 2024 763 2111 pocula
777 2025 915 2104 circum,

67 2133 241 2219 contingunt
255 2135 362 2199 mellis
378 2135 467 2199 dulci
481 2136 636 2221 flavoque
651 2137 796 2222 liquore,

25 2313 26 2320 χ
66 2253 96 2308 ut
107 2267 274 2330 puerorum
289 2257 382 2314 actas
395 2248 573 2336 inprovida
586 2249 774 2314 ludificetur

25 2369 51 2416 uo
67 2359 211 2426 labrorum
225 2371 341 2437 tenus,
353 2364 481 2426 interea
495 2371 653 2448 perpotet
667 2385 814 2428 amarum

67 2473 188 2540 absinthi
202 2477 352 2551 laticem,
364 2476 573 2564 deceptaque
586 2499 655 2541 nom
671 2479 837 2563 capiatur,

67 2586 115 2649 sed
127 2591 230 2674 potius
246 2591 306 2654 tali
321 2598 421 2677 paeto
437 2598 589 2656 recreata
601 2593 764 2669 valescat,

68 2700 104 2762 sie
116 2723 169 2788 ego
182 2727 288 2780 nuuc,
301 2705 456 2789 quoniam
469 2705 553 2770 haec
567 2706 653 2770 ratio
668 2706 865 2794 plerumque
879 2708 1014 2774 videtur

67 2815 170 2882 tristior
184 2841 256 2884 esse
274 2819 396 2903 quibus
411 2840 481 2882 nou
496 2827 547 2884 est
561 2828 723 2895 tractata,
733 2829 893 2908 retroque

25 2935 52 2983 tu
67 2929 160 3015 volgus
173 2933 334 2998 abhorret
348 2934 390 2997 ab
404 2932 469 2996 hac
478 2982 485 3008 ‚
495 2934 586 2998 volui
600 2934 661 2998 tibi
675 2936 921 3021 suaviloquenti

68 3047 184 3111 carmine
197 3047 308 3111 Pierio
323 3035 486 3110 rationem
503 3068 672 3131 exponere
686 3055 835 3112 nostram

70 3165 94 3218 et
106 3163 187 3242 quasi
200 3183 337 3226 musaeo
353 3159 442 3224 dulci
458 3162 651 3246 contingere
665 3161 778 3237 melle;

68 3269 88 3329 si
99 3271 148 3336 tibi
160 3274 245 3341 forte
261 3277 403 3339 animum
418 3275 476 3339 tali
490 3277 619 3339 ratione
634 3283 750 3340 tenere

68 3387 194 3452 versibus
207 3391 242 3453 in
256 3391 382 3454 nostris
398 3412 550 3475 possem,
564 3377 641 3454 dum
656 3389 819 3476 perspicis
835 3411 965 3454 omnem

25 3502 54 3546 aa
68 3507 193 3566 naturam
205 3525 335 3580 rerum,
347 3525 414 3590 qua
428 3513 562 3569 constet
575 3513 712 3591 compta
725 3503 845 3590 figura.

99 3611 156 3678 Sed
170 3619 324 3702 quoniam
340 3617 437 3683 docui
454 3617 654 3683 solidissima
666 3619 816 3718 materiai

68 3743 184 3810 corpora
196 3740 362 3819 perpetuo
377 3733 518 3798 volitare
533 3733 657 3797 invicta
671 3754 732 3819 per
746 3753 882 3806 aevom,

67 3855 134 3903 nuuc
147 3864 220 3930 age,
231 3847 369 3910 summai
384 3845 549 3932 quaedam
564 3847 608 3910 sit
620 3847 695 3911 finis
711 3869 843 3920 eorum,

30 3955 34 3971 ⁸
67 3968 149 4019 necue
162 3959 218 4034 sit,
231 3961 439 4025 evolvamus:
450 3961 527 4024 item
544 3959 637 4046 quod
650 3961 748 4024 inane
762 3967 967 4046 repertumst

27 4063 53 4112 ⁹⁵³
67 4082 112 4127 seu
124 4069 210 4138 locus
225 4096 265 4138 ac
281 4075 423 4159 spatium
434 4123 442 4150 ‚
452 4096 507 4138 res
520 4075 555 4138 iu
572 4097 639 4160 quo
656 4096 809 4160 quaeque
824 4081 1000 4159 gerantur,

67 4184 272 4256 pervideamus
286 4197 398 4252 utrum
412 4189 538 4252 finitum
554 4188 705 4252 funditus
721 4209 818 4251 omne

76 4343 239 4364 Ἧῆ-ῄ-

69 4421 103 4472 ⁹³1
120 4431 194 4500 mans
213 4433 224 4501 ιι
241 4439 289 4490 aaa
308 4451 409 4506 porgo.
427 4435 438 4503 fl
457 4440 513 4499 ma¹
525 4433 596 4486 sacto
615 4435 625 4502 ιι
645 4441 694 4487 sas
714 4435 799 4488 vuer.
818 4435 829 4503 u
849 4439 897 4486 aar
917 4433 975 4486 nec
992 4435 1028 4484 aa

944 4530 964 4592 3
