2970 5268
268 465 336 534 144
798 465 861 534 1111

264 648 298 705 00
311 619 442 705 facilest
455 638 565 714 factu,
579 639 736 722 quoniam
751 640 928 704 coniuncta
941 648 1089 706 tenetur.

192 770 242 818 990
263 753 342 820 inde
357 773 397 817 ea
410 774 579 839 proporro
595 775 718 838 corpus
733 751 827 829 ferit,
838 761 942 839 atque
956 755 1003 820 ita
1018 765 1092 820 tota

262 869 421 956 paulatim
436 868 540 932 moles
555 865 768 953 protruditur
783 875 884 953 atque
899 879 1069 934 movetur.

261 991 439 1070 praeterea
451 990 523 1046 tum
538 983 679 1045 rarescit
694 1003 829 1068 quoque
844 1004 986 1069 009009,
998 990 1033 1047 00
1047 990 1118 1056 aer,

261 1097 404 1172 scilicet,
414 1103 454 1160 ut
468 1095 569 1160 debet
583 1096 639 1181 qui
654 1117 785 1183 semper
799 1097 930 1160 mobilis
946 1105 1053 1172 extat,

261 1233 323 1300 per
336 1210 505 1297 patefacta
518 1210 610 1275 venit
624 1218 846 1297 penetratque
859 1210 1023 1276 foramina
1036 1213 1165 1299 largus,

189 1343 238 1390 090
259 1333 295 1390 00
310 1323 514 1411 dispargitur
528 1322 573 1388 ad
586 1325 692 1410 partis
706 1325 754 1389 ita
768 1346 920 1411 quasque
937 1325 1079 1391 minutas

263 1440 430 1527 corporis.
445 1438 499 1502 hic
513 1437 613 1523 igitur
628 1439 728 1502 rebus
742 1438 780 1503 fit
793 1441 960 1525 utrimque
976 1439 1120 1516 duabus,

262 1555 414 1642 corporis
429 1561 467 1616 ut
481 1552 574 1617 09999
588 1550 672 1615 velis
686 1561 856 1639 ventoque
871 1554 1012 1620 feratur.

260 1690 324 1734 nec
338 1677 449 1733 tamen
463 1664 545 1730 illud
559 1667 593 1729 in
607 1664 659 1729 hia
672 1668 774 1732 rebus
789 1668 936 1733 mirabile
951 1677 1100 1744 constat,

263 1782 393 1848 tantula
406 1778 500 1866 quod
514 1787 644 1844 tantum
660 1802 783 1868 corpus
799 1784 998 1868 corpuscula
1011 1793 1155 1871 possunt

189 1915 239 1962 900
262 1905 486 1982 contorquere
502 1903 536 1958 et
550 1917 635 1960 onus
651 1905 757 1961 totum
774 1907 972 1963 convertere
986 1907 1153 1965 nostrum:

261 2003 384 2098 quippe
400 2011 522 2075 etenim
536 2019 657 2074 ventus
671 2010 784 2096 suptili
799 2032 942 2098 corpore
957 2015 1066 2079 0099999

259 2125 366 2192 trudit
380 2145 482 2211 agens
496 2144 647 2210 magnam
661 2147 781 2212 magno
796 2127 962 2206 molimine
977 2148 1111 2206 navem,

260 2250 295 2306 00
308 2261 424 2305 manus
439 2261 506 2303 uua
519 2239 607 2326 regit
620 2247 749 2325 quanto
763 2241 814 2305 vis
828 2242 950 2327 impete
966 2251 1097 2306 euntem

259 2363 360 2441 atque
375 2354 612 2441 gubernaclum
629 2361 831 2439 contorquet
845 2377 912 2440 quo
926 2357 1009 2420 libet
1022 2379 1139 2432 unum,

186 2487 236 2534 soe
259 2471 445 2555 multaque,
457 2490 518 2554 per
533 2467 678 2532 trocleas
694 2475 727 2530 00
741 2475 917 2554 tympana,
929 2470 1082 2556 pondera
1095 2493 1215 2558 magna

258 2591 448 2648 commovet
462 2589 563 2666 atque
577 2580 643 2643 levi
658 2581 805 2646 sustollit
818 2585 970 2650 machina
985 2586 1075 2650 nisu.

297 2696 397 2762 Nunc
412 2696 532 2782 quibus
546 2694 601 2758 illa
615 2693 724 2766 modis
739 2715 875 2760 somnus
890 2719 951 2784 per
965 2702 1113 2766 membra
1132 2702 1275 2786 quietem

257 2813 379 2898 inriget
393 2819 495 2897 atque
511 2809 608 2873 animi
623 2830 720 2873 curas
737 2817 907 2896 epeotore
922 2814 1044 2890 solvat,

256 2924 436 2994 suavidicis
451 2925 562 3013 potius
578 2945 677 3009 quam
691 2925 801 2990 multis
815 2927 968 2992 versibus
984 2929 1094 3006 edam3

183 3059 233 3106 990
255 3061 379 3133 parvus
394 3048 432 3105 ut
447 3049 498 3104 est
513 3040 610 3128 cycni
624 3040 739 3105 melior
754 3042 938 3118 canor‚ille
953 3065 1071 3129 gruum
1086 3066 1184 3130 quain

256 3157 381 3220 clamor
395 3157 430 3220 in
445 3154 602 3219 aetheriis
619 3154 791 3240 dispersus
806 3157 950 3221 nubibus
965 3159 1082 3224 austri.

254 3281 293 3336 tu
306 3270 384 3334 mihi
400 3269 444 3333 da
458 3270 567 3333 tenuis
582 3291 681 3334 aures
695 3272 905 3354 animumque
920 3291 1088 3355 sagacem,

254 3405 298 3448 ne
311 3384 384 3446 lieri
397 3384 527 3468 negites
543 3402 629 3466 quae
645 3380 753 3446 dicam
767 3403 869 3465 posse
878 3433 886 3456 ‚
896 3391 1057 3469 retroque

254 3519 335 3560 vera
349 3496 534 3584 repulsanti
548 3493 703 3558 discedas
718 3504 858 3581 pectore
875 3495 978 3574 dicta,

180 3629 229 3675 eia
252 3619 392 3676 tutemet
405 3611 440 3675 in
455 3611 553 3699 culpa
567 3631 640 3672 cum
655 3609 701 3673 sis
716 3629 826 3695 neque
842 3631 979 3676 cernere
994 3615 1118 3698 possis.

252 3727 416 3814 principio
433 3747 567 3790 somnus
583 3723 621 3788 fit
634 3725 690 3788 ubi
706 3731 758 3788 est
773 3723 935 3790 distracta
950 3749 1010 3813 per
1024 3739 1118 3794 artus
1204 3716 1205 3719 ¹

252 3842 302 3906 999
317 3841 445 3904 animae
459 3840 647 3927 partimque
661 3839 753 3904 foras
769 3840 874 3906 eiecta
887 3843 1027 3908 recessit

253 3964 286 4019 et
300 3954 419 4040 partim
436 3961 594 4020 contrusa
608 3955 711 4042 magis
727 3957 894 4021 concessit
907 3957 940 4020 in
956 3958 1072 4022 altum:

252 4067 482 4134 dissoluuntur
498 4072 583 4136 enim
599 4080 669 4135 tum
684 4070 816 4136 demum
831 4072 979 4136 membra
992 4071 1183 4158 fluuntque.

254 4255 453 4264 -.-———-—.

251 4349 416 4404 9891900090
440 4351 450 4422 ΙΙ
470 4356 519 4403 890
538 4352 608 4421 perit
626 4353 635 4420 ll
655 4358 702 4404 897
722 4360 781 4406 0090
800 4351 811 4424 ΙΙ
829 4357 878 4406 899
898 4352 1014 4408 Tantuia
1034 4355 1111 4424 11900
1131 4353 1251 4425 pondere
1269 4371 1373 4426 magno.

251 4439 299 4486 907
319 4433 390 4486 900911
410 4435 420 4503 ll
438 4436 539 4504 quiete.
559 4433 835 4506 119098090091909911
855 4441 903 4488 910
923 4435 1043 4490 Tutirnct
