2970 5268
261 457 328 527 186
804 460 837 528 V

256 643 324 698 tum
340 631 471 698 demum
486 636 597 720 pueris
612 655 695 700 aevo
710 635 851 700 florente
864 637 1018 700 iuventas

257 749 378 834 occipit
394 757 428 812 et
441 748 531 813 molli
545 749 647 814 vestit
660 749 814 834 lanugine
829 750 949 826 malas3

183 879 233 927 990
255 883 297 926 00
311 863 399 927 forte
415 883 456 926 ex
470 863 604 928 homine
619 873 653 928 00
667 864 818 928 veterino
834 866 957 928 semine
973 886 1132 952 equorum

255 977 390 1042 confieri
406 977 525 1042 credas
541 978 726 1044 Centauros
741 999 843 1063 posse
858 1001 966 1064 neque
982 1001 1070 1054 esse,

254 1103 312 1157 aut
325 1091 452 1157 rabidis
469 1093 605 1158 canibus
620 1095 807 1158 9000100000
822 1095 1038 1160 semimarinis

256 1210 452 1292 corporibus
468 1209 615 1296 Scyllas,
628 1219 662 1274 00
677 1217 790 1273 cetera
804 1207 847 1273 de
862 1229 983 1295 genere
997 1209 1133 1286 horum,

254 1323 341 1388 inter
355 1344 391 1388 se
407 1345 546 1408 quorum
563 1323 732 1388 discordia
744 1324 892 1389 membra
907 1323 1072 1401 videmus3

182 1453 230 1499 095
254 1459 339 1522 quae
354 1459 463 1522 neque
477 1437 659 1504 1100090000
673 1439 798 1524 pariter
812 1459 874 1503 nec
889 1439 1013 1504 robora
1027 1449 1160 1506 sumunt

254 1553 452 1638 corporibus
466 1573 575 1637 neque
589 1555 756 1640 proiciunt
770 1561 880 1618 aetate
894 1562 1045 1628 senecta,

252 1687 315 1730 nco
330 1667 424 1730 simili
439 1667 573 1730 Venere
588 1666 770 1732 ardescunt
783 1689 846 1732 nec
859 1669 1007 1732 moribus
1021 1671 1095 1735 unis

253 1782 592 1866 conveniunt‚neque
607 1791 686 1846 sunt
701 1781 816 1846 eadem
830 1782 975 1847 iucunda
990 1805 1051 1868 per
1065 1795 1173 1851 artus.
1248 1789 1251 1794 ’

252 1896 376 1982 quippe
391 1894 505 1959 videre
519 1896 598 1960 licet
611 1897 829 1984 pinguescere
844 1918 945 1984 saepo
959 1899 1070 1964 cicuta

177 2026 228 2074 900
250 2010 443 2097 barbigeras
458 2009 623 2097 pecudes,
634 2011 758 2076 homini
774 2033 860 2097 quaa
875 2020 926 2077 000
939 2034 1016 2078 acre
1032 2035 1211 2082 venenum.

251 2125 396 2210 denique
409 2125 540 2191 flamma
554 2127 687 2212 quidem
703 2148 777 2191 cum
792 2109 1044 2213 corpora'fulva
1057 2129 1190 2196 leonum
1230 2187 1241 2202 .

249 2247 317 2304 tam
332 2241 441 2306 soleat
455 2251 585 2306 torrere
600 2250 701 2327 atque
715 2263 815 2306 urere
831 2263 928 2328 quam
943 2263 1049 2328 genus
1064 2267 1161 2310 omne

249 2355 385 2420 visceris
398 2357 432 2419 in
447 2357 545 2420 terris
560 2355 651 2442 quod
667 2353 857 2443 cumquest
871 2359 1040 2444 sanguinis
1056 2369 1164 2435 extet.

251 2471 307 2555 qui
321 2471 392 2534 fleri
406 2471 531 2557 potuit,
543 2472 663 2556 triplici
679 2493 753 2536 cum
768 2494 911 2558 corpore
926 2481 965 2537 00
978 2495 1061 2547 una,

176 2600 225 2646 905
248 2585 353 2670 prima
367 2584 437 2658 100,
449 2592 619 2669 postrema
634 2584 755 2662 draco,
766 2586 875 2652 media
889 2588 980 2672 ipsa,
992 2588 1166 2656 Chimaera

249 2713 307 2761 000
321 2696 413 2762 foras
428 2719 536 2763 acrem
551 2699 649 2764 flaret
663 2699 706 2764 de
720 2721 864 2788 corpore
879 2701 1063 2776 flammam?

144 2799 149 2806 ⁴
248 2833 353 2897 quare
367 2813 465 2878 etiam
479 2813 597 2877 tellure
611 2835 701 2880 nova
715 2815 875 2900 caeloque
889 2818 1016 2882 recenti

248 2928 327 2991 00119
341 2927 398 3012 qui
412 2927 509 3014 fingit
521 2930 673 3014 potuisse
689 2930 840 2996 animalia
854 2931 958 3017 gigni,

247 3043 345 3107 nixus
358 3043 392 3106 in
407 3043 474 3107 hoc
487 3066 555 3109 nno
571 3046 728 3110 novitatis
742 3047 875 3111 nomine
888 3046 995 3122 inani,

174 3173 224 3222 910
245 3158 350 3223 multa
362 3159 440 3224 licet
454 3158 549 3223 simili
563 3160 693 3224 ratione
709 3159 834 3226 effubiet
849 3183 924 3236 ore,

216 3283 220 3292 '
247 3283 430 3338 aurearum
447 3272 538 3337 dicat
552 3293 612 3359 per
626 3281 735 3338 terras
749 3275 883 3340 flumina
896 3277 998 3361 vulgo

247 3387 381 3453 fluxisse
391 3437 398 3462 ‚
410 3396 443 3450 00
457 3388 593 3472 gemmis
607 3387 727 3452 florere
742 3389 880 3452 arbusta
894 3397 1024 3464 suisne,

246 3511 304 3566 aut
317 3502 483 3567 hominem
497 3509 592 3564 00000
607 3502 829 3566 membrorum
845 3524 918 3568 esse
931 3504 1056 3590 impete
1069 3517 1201 3584 natum,

244 3625 339 3681 trans
353 3616 456 3680 maria
470 3615 538 3679 alta
551 3611 673 3699 pedum
688 3615 780 3680 nisus
795 3625 833 3680 00
846 3638 973 3702 ponere
987 3631 1105 3705 posset

173 3749 221 3796 905
245 3741 278 3796 00
292 3731 444 3796 manibus
458 3737 565 3794 000000
580 3729 703 3794 circum
718 3751 755 3794 se
770 3741 900 3796 vertere
916 3736 1057 3800 caelum.

244 3869 321 3911 nam
336 3845 430 3931 quod
442 3843 547 3910 multa
560 3842 654 3910 fuere
667 3845 702 3909 in
717 3846 816 3912 terris
830 3848 1079 3916 seminatorum

245 3970 396 4047 tempore
410 3981 476 4046 quo
492 3961 632 4047 primum
645 3960 744 4028 tellus
759 3961 912 4030 animalia
925 3963 1028 4033 fudit.

247 4283 297 4330 888
315 4276 408 4348 puerili
428 4278 438 4346 11
456 4277 595 4345 1100000011
615 4283 663 4330 889
684 4278 775 4332 officit
794 4279 804 4347 11
823 4285 871 4330 899
891 4279 990 4349 rapidis
1009 4279 1018 4347 11
1045 4287 1093 4332 896
1113 4282 1254 4352 proficiunt
1284 4283 1294 4350 11
1325 4289 1372 4335 901

247 4361 370 4431 Denique
387 4369 518 4415 00000000.
548 4361 558 4428 11
585 4367 634 4414 901
653 4379 743 4415 unam.
772 4363 781 4427 11
804 4361 942 4415 conserus
962 4363 1151 4433 1119001918
1171 4365 1276 4420 homine
1296 4367 1305 4432 11
1325 4372 1373 4418 910

248 4441 368 4513 pondere
