3034 5204
696 513 868 560 encausto

301 663 396 726 Haec
407 665 518 728 omnia
530 665 577 728 ita
586 673 624 728 ut
633 665 702 730 dixi
712 665 816 731 luisse
824 666 996 753 intelleget
1005 667 1205 752 quicumque
1214 667 1343 732 horum

225 763 539 828 commentariorum
549 763 693 848 aliquam
704 773 833 850 partem
844 767 1119 853 pertractaverit.
1132 787 1274 851 quarum
1283 789 1344 831 re-

224 885 296 928 rum
318 862 462 926 maxima
482 884 563 948 pars
583 883 601 926 e
622 865 728 956 copiis
749 866 792 929 ah
807 865 1044 952 Havercampo
1066 872 1099 928 et
1119 865 1241 928 ceteris
1259 887 1346 929 eum

223 958 470 1024 summaiudicii
480 959 708 1026 imbecillitate
718 961 932 1026 collatiscum
941 962 1345 1027 mihisexferemensium

222 1081 285 1124 usu
297 1059 522 1134 constitisset,
534 1067 647 1122 cetera
659 1061 670 1142 (
677 1067 813 1143 praeter
823 1082 996 1124 numerum
1008 1063 1221 1149 paginarum,
1234 1083 1345 1146 quern

222 1181 329 1246 nuper
357 1157 524 1240 subduxi)
554 1178 594 1220 eo
622 1155 697 1240 ipso
727 1178 834 1242 paene
862 1167 1033 1223 momento
1058 1167 1240 1246 patuerunt
1265 1181 1343 1244 quo

221 1261 434 1324 membranae
456 1256 644 1322 Vossianae
668 1275 688 1317 a
711 1277 763 1318 me
788 1256 901 1320 excuti
924 1266 1067 1343 coeptae
1090 1267 1193 1334 sunt,
1218 1279 1343 1336 meuse

221 1357 329 1444 Aprili
348 1357 425 1420 anni
446 1351 654 1426 nncccxrmr',
676 1375 749 1415 cum
771 1355 893 1438 insigni
907 1354 1200 1420 benevolentia-ae
1214 1354 1340 1422 favore

219 1449 1339 1538 illustriumacademiaeleidensiscuratorum,quoslaeobiGeelii‚

219 1553 363 1616 hominis
379 1551 495 1636 optimi
508 1549 655 1632 mihique
667 1570 734 1610 nou
747 1557 888 1634 propter
899 1549 1122 1614 eruditionem
1135 1554 1239 1616 solam
1253 1554 1335 1628 cari,

220 1649 360 1712 consilio
375 1667 455 1710 usos
471 1667 545 1709 esse
560 1646 723 1732 suspicor,
738 1646 772 1707 in
786 1644 874 1708 hane
888 1647 1005 1708 urbem
1019 1657 1134 1710 essent
1146 1651 1334 1717 tremissae.

219 1745 319 1832 paulo
350 1751 427 1807 aute
453 1743 489 1805 id
513 1751 646 1830 tempus
672 1743 739 1805 duo
766 1740 1000 1805 adulescentes
1026 1747 1152 1828 optime
1177 1747 1332 1823 instituti,

217 1845 319 1930 Hugo
340 1843 551 1906 Purmanuus
572 1841 711 1905 Silesius
732 1847 767 1904 et
780 1839 924 1904 Iacobus
939 1839 1145 1927 Bernaysius
1161 1841 1330 1906 llambur·

217 1943 350 2030 gensis,
369 1941 424 2004 via
446 1961 485 2004 ae
506 1941 639 2005 ratione
659 1942 702 2006 ab
723 1938 874 2003 Iohanne
894 1937 1035 2002 Nicolao
1055 1939 1233 2012 Madviee,
1253 1939 1327 2002 viro

219 2039 467 2114 eruditissimo,
490 2045 690 2108 ,monstrata
726 2038 776 2122 (is
812 2038 898 2102 enim
930 2036 1141 2102 emendando
1168 2035 1326 2103 Lucretio

218 2141 346 2227 primus
366 2146 472 2203 artem
487 2159 603 2202 sanam
619 2137 775 2202 adhibuit
789 2138 823 2200 iu
837 2135 951 2202 libello
967 2135 1160 2202 academico
1175 2135 1328 2200 Hauniae

126 2313 128 2318 ,
219 2238 404 2304 ann01832
427 2245 461 2300 et
480 2237 602 2300 iterum
621 2236 757 2301 biennio
780 2242 859 2320 post
878 2235 967 2298 inter
984 2234 1148 2318 opuscula
1162 2234 1273 2319 edito)
1294 2234 1330 2298 in

219 2335 452 2423 expendendis
474 2333 574 2399 huius
596 2333 762 2420 poematis
786 2330 988 2398 emendandi
1010 2333 1187 2418 praesidiis
1207 2353 1329 2418 magno

218 2434 331 2500 studio
354 2453 464 2518 neque
483 2432 663 2514 infeliciter
685 2433 963 2496 elaboraverunt.
984 2431 1105 2496 horum
1121 2433 1330 2498 Purmaunus

216 2533 493 2595 Lucretianarum
517 2529 752 2611 quaestionum
775 2529 945 2612 specimen
967 2527 1192 2594 Vratislaviae
1215 2551 1329 2594 mense

217 2626 341 2690 Martio
357 2623 505 2688 eiusdem
521 2623 599 2685 anui
613 2623 693 2686 1846
705 2622 831 2702 edidit,
847 2624 1054 2709 Bernaysius
1070 2649 1150 2693 suae
1164 2628 1207 2692 de
1219 2641 1328 2692 emen·

217 2722 355 2788 datione
373 2721 521 2785 Lucretii
542 2720 834 2794 commentationi,
851 2742 951 2804 quam
965 2720 1158 2788 Fridericus
1173 2725 1328 2790 Ritsohe-

215 2821 280 2884 lius
300 2818 335 2881 in
355 2816 555 2881 Rhenanam
574 2837 724 2880 museum
745 2815 949 2903 philologiae
970 2839 1058 2882 anno
1082 2822 1161 2885 1847
1181 2825 1329 2910 recepit,

217 2917 418 3002 subscripsit
427 2914 821 3003 eundemillumAprilem
830 2915 1328 3008 annil846.sede0rumopera‚

215 3023 255 3081 ut
271 3015 336 3080 fuit
349 3015 384 3078 in
398 3013 466 3078 hoe
479 3014 616 3099 negotio
632 3035 713 3078 sane
727 3013 942 3080 laudabiliter
956 3015 1087 3100 posita,
1107 3018 1155 3083 ita
1168 3020 1269 3096 mihi,
1289 3030 1328 3086 ut
1374 3033 1378 3043 '

215 3136 332 3180 verum
348 3112 474 3186 dicam,
490 3110 534 3175 ad
550 3132 711 3175 summam
723 3112 771 3176 rei
782 3133 852 3175 non
863 3110 1008 3198 profuit,
1024 3117 1180 3198 quoniam
1191 3119 1238 3182 illi
1248 3141 1326 3204 par-

215 3215 275 3278 tim
291 3233 331 3277 ea
347 3233 433 3296 quae
445 3209 526 3273 mihi
538 3209 712 3272 notissima
724 3218 820 3274 eraut
831 3211 1033 3288 attulerunt,
1049 3213 1130 3290 alia,
1144 3224 1183 3298 ut
1195 3216 1326 3282 adules-

217 3319 332 3376 centes
349 3329 460 3392 ueque
474 3306 557 3370 satis
571 3306 605 3368 in
619 3306 768 3370 Lucretii
782 3308 916 3394 ingenio
933 3311 1170 3395 cognoscendo
1186 3315 1326 3388 versati,

216 3416 275 3471 aut
288 3404 588 3492 praetermiserunt
602 3410 660 3465 aut
675 3402 768 3466 salsis
784 3403 942 3470 admixtis
958 3410 1244 3472 contaminarunt.
1258 3409 1324 3474 hos

213 3505 316 3590 igitur
338 3502 381 3567 de
404 3502 603 3586 quibusnam
624 3501 725 3574 rebus
746 3507 839 3564 recte
859 3504 1006 3570 sensisse
1025 3507 1167 3571 iudicem
1186 3527 1228 3572 ex
1243 3529 1322 3571 eon-

216 3624 317 3668 sensu
328 3600 426 3664 facile
437 3597 667 3683 intellegetur:
679 3598 789 3662 omnia
801 3599 992 3685 singillatim
1003 3625 1194 3681 recensere,
1205 3627 1248 3669 ne
1257 3606 1323 3670 lec·

215 3699 346 3766 toribus
360 3697 515 3762 molestia
528 3701 680 3782 paretur,
694 3695 788 3760 nolo.
1066 3763 1069 3768 ,

290 3799 342 3863 De
356 3797 422 3861 illis
437 3803 549 3861 autem
564 3795 672 3861 tribus
689 3796 912 3885 apographis,
928 3801 1048 3884 quibus
1063 3800 1142 3866 inde
1158 3803 1322 3867 asaeeulo

214 3917 304 3960 nono
329 3896 521 3961 memoriam
544 3894 736 3960 Lucretiani
761 3897 916 3961 carminis
939 3898 984 3962 ad
1005 3906 1156 3964 nostram
1179 3907 1324 3966 aetatem

213 4001 436 4081 propagatam
458 4015 532 4059 esse
552 3992 639 4069 dixi,
654 4001 733 4059 ante
753 3996 864 4060 omnia
883 3995 1055 4060 sciendum
1077 4003 1130 4060 est
1144 4019 1245 4062 unum
1260 3998 1323 4063 ho·

213 4113 287 4156 rum
308 4113 347 4156 co
368 4093 444 4177 ipso
465 4093 599 4156 saeculo
616 4113 658 4157 ex
672 4093 860 4179 archetypo
876 4092 1002 4156 laetum
1017 4114 1213 4179 superesse.
1226 4098 1256 4162 is
1271 4107 1324 4164 est

214 4189 368 4254 codicum
386 4188 601 4254 Leidensium
621 4191 722 4266 alter,
743 4211 882 4254 numero
903 4190 1110 4276 trigesimus,
1132 4214 1233 4278 quem
1253 4219 1322 4259 on-

212 4309 376 4351 eoueun
398 4286 491 4363 dico,
508 4289 585 4372 quia
600 4310 640 4352 ea
654 4285 762 4351 forma
777 4296 831 4351 est
846 4306 946 4370 quam
961 4287 1062 4375 vulgo
1077 4291 1197 4378 infolio
1211 4295 1323 4358 minori

213 4385 348 4452 dieunt.
367 4384 423 4449 hic
438 4384 529 4449 unde
544 4383 588 4449 ad
602 4385 754 4450 Isaacum
772 4383 928 4450 Vossium
943 4390 1137 4471 pervenerit
1146 4390 1163 4476 Ι(
1169 4411 1246 4455 nam
1260 4413 1321 4479 pa

211 4491 264 4549 ter
279 4485 350 4550 eius
364 4483 454 4549 hunc
468 4504 537 4546 non
550 4482 686 4560 habuit,
702 4481 764 4548 sed
780 4482 941 4572 alterum)
957 4484 1069 4551 dicere
1084 4509 1152 4552 non
1166 4511 1319 4576 possum,

1461 1021 1479 1052 Ο
