2946 5188
279 496 325 564 66
824 489 855 558 ll

279 666 451 731 dissimiles
466 665 565 750 longe
580 665 665 728 inter
680 683 716 726 se
731 662 909 745 variosque
925 661 1072 726 colores.

279 787 455 867 praeterea
468 779 515 842 nil
530 777 679 842 officiunt
693 777 897 860 obstantque
910 775 1036 860 figurae

207 911 255 957 78⁵
278 893 470 969 dissimiles,
482 914 549 978 quo
566 891 766 977 quadratum
780 889 888 952 minus
903 909 1000 952 omne
1014 888 1059 952 sit
1073 908 1114 952 ex
1129 889 1195 952 his:

278 1018 315 1072 nt
327 1007 411 1072 varii
423 1027 535 1070 rerum
548 1003 723 1092 inpediunt
735 1003 984 1088 prohibentque
1000 1001 1146 1074 colores,

279 1143 347 1207 quo
362 1121 468 1184 minus
484 1141 558 1183 osse
571 1140 639 1183 uno
654 1118 764 1204 possit
776 1137 832 1181 res
846 1123 920 1180 tota
933 1115 1057 1179 nitore.

318 1233 405 1299 Tum
419 1255 523 1320 porro
538 1252 624 1318 quae
640 1231 733 1296 ducit
748 1239 783 1294 et
795 1217 899 1295 inlicit
913 1235 952 1293 ut
966 1229 1148 1294 tribuamus

277 1348 447 1435 principiis
462 1368 572 1410 rerum
586 1367 655 1409 non
669 1364 848 1429 numquam
863 1363 965 1407 causo
979 1343 1124 1418 colores,

205 1479 255 1526 790
279 1461 418 1536 occidit,
431 1482 472 1525 ex
486 1459 569 1525 albis
585 1458 741 1544 quonism
754 1479 824 1520 non
837 1458 914 1522 clbc
928 1465 1103 1530 creantur,

277 1597 340 1640 nec
355 1595 441 1660 quae
455 1573 550 1659 nigra
564 1573 676 1637 cluent
691 1569 733 1634 do
748 1572 867 1657 nigris,
879 1570 940 1635 sed
953 1570 1053 1635 variis
1069 1591 1127 1634 cx.

279 1690 403 1776 quippe
419 1687 539 1751 etenim
552 1686 657 1751 multo
671 1685 851 1771 proclivius
868 1684 1060 1749 exorientur

278 1800 422 1866 candida
436 1799 480 1864 de
493 1799 586 1900 nullo
600 1821 699 1885 quam
713 1801 809 1884 nigro
824 1806 904 1862 nota
918 1798 1049 1872 colore,
1071 1837 1076 1846 ·

277 1925 335 1980 eut
349 1916 414 1978 alio
430 1913 566 1999 quovis,
578 1913 634 1996 qui
649 1922 767 1977 contra
781 1921 909 1998 pugnet
923 1919 958 1976 et
971 1911 1096 1975 obstet.

206 2045 255 2092 705
319 2028 500 2093 Praeterea
514 2027 670 2112 quoniam
684 2033 856 2112 nequeunt
869 2025 941 2090 sine
955 2025 1029 2089 luce
1044 2025 1175 2088 colores

278 2163 351 2207 esse
361 2191 369 2218 ‚
379 2163 489 2228 neque
502 2142 537 2206 in
550 2141 658 2205 lucem
673 2141 820 2205 existunt
833 2136 1015 2225 primordio
1028 2159 1151 2212 rerum,

277 2257 455 2346 scirelioet
469 2276 568 2341 quam
582 2255 650 2318 sint
662 2254 754 2318 nullo
768 2254 879 2317 velata
893 2253 1021 2317 colore:

277 2371 385 2456 qualis
400 2371 486 2434 enim
500 2369 607 2434 caecis
623 2368 749 2453 poterit
763 2367 855 2432 color
870 2389 943 2434 esse
957 2367 1127 2432 tenebris?

276 2483 399 2547 lumine
414 2482 494 2568 quin
507 2483 582 2566 ipso
598 2487 745 2544 mutetur
760 2489 942 2566 propterea
955 2479 1049 2566 quod

204 2613 253 2658 000
275 2604 369 2660 rocta
383 2603 441 2659 aut
455 2595 591 2679 obliqua
605 2613 784 2679 percussus
799 2593 872 2656 lucc
887 2595 1034 2680 refulgit3

276 2709 389 2795 pluma
403 2707 629 2772 columborum
644 2726 711 2790 quo
726 2713 826 2790 pacto
841 2706 876 2768 in
890 2705 960 2770 solo
974 2706 1123 2782 ridetur,

277 2843 363 2907 quae
378 2822 442 2885 sito
456 2821 603 2885 cervices
619 2821 742 2884 circum
757 2819 943 2905 collumque
959 2823 1112 2886 coronat:

275 2955 419 3020 namque
434 2934 514 2998 elias
528 2933 566 2999 fit
579 2935 628 3000 uti
643 2934 733 2999 claro
748 2935 792 2999 sit
805 2934 907 2999 rubra
921 2955 1069 3021 pyropo,

275 3050 362 3115 inter
377 3048 455 3113 dum
471 3047 618 3134 quodem
633 3069 734 3112 sensu
747 3048 784 3112 lit
797 3049 846 3113 uti
860 3047 1014 3112 videatur

202 3180 251 3226 805
274 3165 361 3228 inter
376 3163 535 3228 curalium
548 3161 665 3228 viridis
678 3163 818 3228 miscere
832 3162 1044 3248 zmaragdos

276 3277 451 3363 caudaque
466 3279 624 3363 pavonis,
635 3277 729 3362 larga
747 3298 821 3341 cum
834 3277 909 3340 lucc
922 3277 1052 3362 repleta
1067 3285 1132 3351 cst,

274 3391 435 3456 consimili
449 3398 557 3454 mutat
570 3391 699 3454 ratione
714 3392 857 3456 obversa
872 3391 1016 3465 colores3

274 3504 501 3590 quiquoniam
518 3504 663 3589 quodam
678 3505 860 3590 gignuntur
875 3505 1004 3568 luminis
1017 3505 1102 3578 ictu,

251 3672 256 3682 .
272 3618 357 3681 scire
372 3616 468 3693 licet,
480 3618 551 3680 sine
566 3639 606 3682 eo
621 3619 692 3683 fieri
707 3639 776 3682 non
789 3640 891 3704 posse
906 3617 1089 3704 putendum
1105 3629 1171 3683 est.

200 3747 248 3793 810
271 3739 305 3795 et
319 3731 475 3815 quoniam
492 3731 608 3817 plegae
624 3731 794 3818 quoddam
809 3755 914 3818 genus
930 3733 1053 3817 excipit
1067 3733 1101 3796 in
1115 3753 1151 3796 sc

271 3843 414 3929 pupule,
426 3866 500 3908 cum
515 3847 639 3910 sentire
654 3847 799 3910 colorem
815 3847 935 3911 dicitur
949 3845 1074 3920 album,
1160 3879 1163 3888 λ

272 3966 373 4042 atquc
388 3957 478 4022 aliud
493 3981 613 4044 porro,
625 3937 753 4045 nigrum
769 3982 844 4025 cum
859 3969 894 4025 et
908 3970 1019 4026 cetera
1032 3961 1150 4036 sentit,

271 4273 319 4321 783
333 4267 449 4322 calores.
469 4270 479 4336 ll
498 4275 545 4321 785
561 4277 649 4322 extra.
662 4271 672 4340 ΙΙ
686 4277 735 4323 788
746 4270 847 4324 inlicitu
858 4271 1018 4324 tribuamus.
1031 4273 1041 4340 ll
1055 4279 1103 4325 790
1116 4279 1235 4326 crentur.
1248 4275 1259 4342 ΙΙ
1272 4277 1320 4326 791
1335 4272 1374 4326 Ne
1387 4269 1395 4334 ll

269 4367 314 4404 eo.
338 4352 348 4420 ΙΙ
373 4355 423 4404 800
442 4358 469 4404 et
486 4359 532 4404 cut
554 4351 565 4421 ΙΙ
588 4351 716 4422 refulget.
738 4355 815 4420 ll'803
834 4353 914 4405 rubro
933 4353 944 4420 ll
962 4359 1011 4405 800
1030 4356 1178 4408 caeruleum
1197 4357 1208 4424 ΙΙ
1227 4361 1277 4410 806
1295 4355 1369 4424 largo
1386 4353 1395 4418 ll

164 4458 166 4463 ·
269 4439 318 4485 808
336 4441 431 4504 posset
