<?xml version="1.0" encoding="UTF-8"?>
<!DOCTYPE html PUBLIC "-//W3C//DTD XHTML 1.0 Transitional//EN"
    "http://www.w3.org/TR/xhtml1/DTD/xhtml1-transitional.dtd">
<html xmlns="http://www.w3.org/1999/xhtml" xml:lang="en" lang="en">
 <head>
  <title>
</title>
<meta http-equiv="Content-Type" content="text/html;charset=utf-8" />
  <meta name='ocr-system' content='tesseract 3.04.00' />
  <meta name='ocr-capabilities' content='ocr_page ocr_carea ocr_par ocr_line ocrx_word'/>
</head>
<body>
  <div class='ocr_page' id='page_1' title='image "./intlucretiicari00lachgoog_0096.png"; bbox 0 0 2946 5188; ppageno 0'>
   <div class='ocr_carea' id='block_1_1' title="bbox 685 446 732 514">
    <p class='ocr_par' dir='ltr' id='par_1_1' title="bbox 685 446 732 514">
     <span class='ocr_line' id='line_1_1' title="bbox 685 446 732 514; baseline 0 0"><span class='ocrx_word' id='word_1_1' title='bbox 685 446 732 514; x_wconf 94' lang='lat' dir='ltr'><strong>Ill</strong></span> 
     </span>
    </p>
   </div>
   <div class='ocr_carea' id='block_1_2' title="bbox 60 617 1173 3913">
    <p class='ocr_par' dir='ltr' id='par_1_2' title="bbox 139 617 1060 936">
     <span class='ocr_line' id='line_1_2' title="bbox 139 617 1056 708; baseline 0.003 -24"><span class='ocrx_word' id='word_1_2' title='bbox 139 618 255 708; x_wconf 90' lang='lat' dir='ltr'>perdit</span> <span class='ocrx_word' id='word_1_3' title='bbox 269 618 355 682; x_wconf 90' lang='lat' dir='ltr'>enim</span> <span class='ocrx_word' id='word_1_4' title='bbox 370 617 467 704; x_wconf 82' lang='lat' dir='ltr'>quod</span> <span class='ocrx_word' id='word_1_5' title='bbox 477 640 546 682; x_wconf 91' lang='lat' dir='ltr'><strong>non</strong></span> <span class='ocrx_word' id='word_1_6' title='bbox 560 620 732 706; x_wconf 89' lang='lat' dir='ltr'>proprium</span> <span class='ocrx_word' id='word_1_7' title='bbox 745 619 809 684; x_wconf 86' lang='lat' dir='ltr'>suit</span> <span class='ocrx_word' id='word_1_8' title='bbox 823 620 942 684; x_wconf 87' lang='grc'><strong>616616</strong></span> <span class='ocrx_word' id='word_1_9' title='bbox 957 641 1056 695; x_wconf 80' lang='lat' dir='ltr'>aevo,</span> 
     </span>
     <span class='ocr_line' id='line_1_3' title="bbox 141 733 1050 820; baseline 0.002 -22"><span class='ocrx_word' id='word_1_10' title='bbox 141 735 303 820; x_wconf 85' lang='lat' dir='ltr'>nulleque</span> <span class='ocrx_word' id='word_1_11' title='bbox 316 739 492 820; x_wconf 81' lang='lat' dir='ltr'>praeterea</span> <span class='ocrx_word' id='word_1_12' title='bbox 505 733 634 820; x_wconf 79' lang='lat' dir='ltr'><strong>perdit,</strong></span> <span class='ocrx_word' id='word_1_13' title='bbox 646 756 747 819; x_wconf 91' lang='lat' dir='ltr'>quom</span> <span class='ocrx_word' id='word_1_14' title='bbox 763 735 938 820; x_wconf 75' lang='lat' dir='ltr'>expellitur</span> <span class='ocrx_word' id='word_1_15' title='bbox 953 757 1050 801; x_wconf 86' lang='lat' dir='ltr'>aevo.</span> 
     </span>
     <span class='ocr_line' id='line_1_4' title="bbox 186 847 1060 936; baseline 0.005 -24"><span class='ocrx_word' id='word_1_16' title='bbox 186 849 306 912; x_wconf 81' lang='lat' dir='ltr'>Dicere</span> <span class='ocrx_word' id='word_1_17' title='bbox 322 868 423 936; x_wconf 86' lang='lat' dir='ltr'>porro</span> <span class='ocrx_word' id='word_1_18' title='bbox 440 847 555 912; x_wconf 93' lang='lat' dir='ltr'>oculos</span> <span class='ocrx_word' id='word_1_19' title='bbox 570 849 693 913; x_wconf 85' lang='lat' dir='ltr'>nullam</span> <span class='ocrx_word' id='word_1_20' title='bbox 707 869 777 912; x_wconf 91' lang='lat' dir='ltr'><strong>rem</strong></span> <span class='ocrx_word' id='word_1_21' title='bbox 792 871 929 913; x_wconf 88' lang='lat' dir='ltr'>cernere</span> <span class='ocrx_word' id='word_1_22' title='bbox 944 873 1060 936; x_wconf 85' lang='lat' dir='ltr'>posse,</span> 
     </span>
    </p>

    <p class='ocr_par' dir='ltr' id='par_1_3' title="bbox 60 961 1043 1162">
     <span class='ocr_line' id='line_1_5' title="bbox 60 961 1043 1050; baseline 0.005 -25"><span class='ocrx_word' id='word_1_23' title='bbox 60 980 118 1026; x_wconf 89' lang='grc'><strong>366</strong></span> <span class='ocrx_word' id='word_1_24' title='bbox 144 961 205 1026; x_wconf 87' lang='grc'><strong>6661</strong></span> <span class='ocrx_word' id='word_1_25' title='bbox 222 985 282 1048; x_wconf 87' lang='lat' dir='ltr'><strong>per</strong></span> <span class='ocrx_word' id='word_1_26' title='bbox 299 983 357 1026; x_wconf 89' lang='lat' dir='ltr'><strong>eos</strong></span> <span class='ocrx_word' id='word_1_27' title='bbox 372 962 514 1026; x_wconf 84' lang='lat' dir='ltr'>animum</span> <span class='ocrx_word' id='word_1_28' title='bbox 528 971 566 1026; x_wconf 87' lang='lat' dir='ltr'><strong>ut</strong></span> <span class='ocrx_word' id='word_1_29' title='bbox 580 961 708 1026; x_wconf 87' lang='lat' dir='ltr'>foribus</span> <span class='ocrx_word' id='word_1_30' title='bbox 724 973 877 1050; x_wconf 82' lang='lat' dir='ltr'>spectare</span> <span class='ocrx_word' id='word_1_31' title='bbox 891 966 1043 1038; x_wconf 80' lang='lat' dir='ltr'>reclusis,</span> 
     </span>
     <span class='ocr_line' id='line_1_6' title="bbox 144 1075 950 1162; baseline 0.002 -22"><span class='ocrx_word' id='word_1_32' title='bbox 144 1075 348 1162; x_wconf 86' lang='lat' dir='ltr'>desiperest,</span> <span class='ocrx_word' id='word_1_33' title='bbox 360 1085 479 1142; x_wconf 88' lang='grc'><strong>666666</strong></span> <span class='ocrx_word' id='word_1_34' title='bbox 494 1097 568 1141; x_wconf 86' lang='grc'><strong>666</strong></span> <span class='ocrx_word' id='word_1_35' title='bbox 583 1099 702 1142; x_wconf 87' lang='grc'><strong>666666</strong></span> <span class='ocrx_word' id='word_1_36' title='bbox 717 1077 807 1142; x_wconf 84' lang='lat' dir='ltr'>dicat</span> <span class='ocrx_word' id='word_1_37' title='bbox 822 1078 950 1155; x_wconf 82' lang='lat' dir='ltr'>eorum3</span> 
     </span>
    </p>

    <p class='ocr_par' dir='ltr' id='par_1_4' title="bbox 65 1190 1044 1278">
     <span class='ocr_line' id='line_1_7' title="bbox 65 1190 1044 1278; baseline 0.005 -25"><span class='ocrx_word' id='word_1_38' title='bbox 65 1209 118 1254; x_wconf 90' lang='grc'><strong>363</strong></span> <span class='ocrx_word' id='word_1_39' title='bbox 143 1190 272 1276; x_wconf 83' lang='lat' dir='ltr'>fulgida</span> <span class='ocrx_word' id='word_1_40' title='bbox 285 1192 482 1277; x_wconf 81' lang='lat' dir='ltr'>praesertim</span> <span class='ocrx_word' id='word_1_41' title='bbox 497 1213 573 1255; x_wconf 90' lang='lat' dir='ltr'>curn</span> <span class='ocrx_word' id='word_1_42' title='bbox 587 1213 725 1256; x_wconf 88' lang='lat' dir='ltr'>cernere</span> <span class='ocrx_word' id='word_1_43' title='bbox 740 1213 842 1278; x_wconf 85' lang='lat' dir='ltr'>saepe</span> <span class='ocrx_word' id='word_1_44' title='bbox 857 1193 1044 1278; x_wconf 86' lang='lat' dir='ltr'>nequimus:</span> 
     </span>
    </p>

    <p class='ocr_par' dir='ltr' id='par_1_5' title="bbox 64 1285 1032 1394">
     <span class='ocr_line' id='line_1_8' title="bbox 64 1285 1032 1394; baseline 0.005 -27"><span class='ocrx_word' id='word_1_45' title='bbox 64 1323 118 1367; x_wconf 77' lang='grc'><strong>366</strong></span> <span class='ocrx_word' id='word_1_46' title='bbox 143 1328 262 1369; x_wconf 86' lang='lat' dir='ltr'>sensus</span> <span class='ocrx_word' id='word_1_47' title='bbox 278 1306 363 1368; x_wconf 92' lang='lat' dir='ltr'>enim</span> <span class='ocrx_word' id='word_1_48' title='bbox 380 1305 484 1370; x_wconf 85' lang='lat' dir='ltr'>trahit</span> <span class='ocrx_word' id='word_1_49' title='bbox 498 1314 601 1391; x_wconf 83' lang='lat' dir='ltr'>atque</span> <span class='ocrx_word' id='word_1_50' title='bbox 616 1307 704 1370; x_wconf 81' lang='lat' dir='ltr'>acies</span> <span class='ocrx_word' id='word_1_51' title='bbox 720 1285 869 1371; x_wconf 81' lang='lat' dir='ltr'>detrudit</span> <span class='ocrx_word' id='word_1_52' title='bbox 884 1306 928 1370; x_wconf 86' lang='grc'><strong>661</strong></span> <span class='ocrx_word' id='word_1_53' title='bbox 941 1308 1032 1394; x_wconf 83' lang='lat' dir='ltr'>ipsas</span> 
     </span>
    </p>

    <p class='ocr_par' dir='ltr' id='par_1_6' title="bbox 66 1418 1173 2079">
     <span class='ocr_line' id='line_1_9' title="bbox 66 1418 966 1507; baseline 0.004 -25"><span class='ocrx_word' id='word_1_54' title='bbox 66 1437 119 1484; x_wconf 80' lang='grc'><strong>366</strong></span> <span class='ocrx_word' id='word_1_55' title='bbox 142 1419 283 1494; x_wconf 85' lang='lat' dir='ltr'>lumine,</span> <span class='ocrx_word' id='word_1_56' title='bbox 295 1418 470 1485; x_wconf 91' lang='lat' dir='ltr'>luminibus</span> <span class='ocrx_word' id='word_1_57' title='bbox 485 1422 563 1505; x_wconf 89' lang='grc'><strong>6616</strong></span> <span class='ocrx_word' id='word_1_58' title='bbox 576 1422 674 1486; x_wconf 88' lang='lat' dir='ltr'>nobis</span> <span class='ocrx_word' id='word_1_59' title='bbox 688 1419 966 1507; x_wconf 83' lang='lat' dir='ltr'>praepediuntur.</span> 
     </span>
     <span class='ocr_line' id='line_1_10' title="bbox 147 1532 1173 1626; baseline 0.005 -28"><span class='ocrx_word' id='word_1_60' title='bbox 147 1533 240 1620; x_wconf 90' lang='lat' dir='ltr'>quod</span> <span class='ocrx_word' id='word_1_61' title='bbox 253 1532 383 1598; x_wconf 86' lang='lat' dir='ltr'>foribus</span> <span class='ocrx_word' id='word_1_62' title='bbox 397 1555 465 1599; x_wconf 92' lang='lat' dir='ltr'><strong>non</strong></span> <span class='ocrx_word' id='word_1_63' title='bbox 479 1535 533 1600; x_wconf 90' lang='lat' dir='ltr'><strong>fit:</strong></span> <span class='ocrx_word' id='word_1_64' title='bbox 545 1556 655 1620; x_wconf 87' lang='lat' dir='ltr'>neque</span> <span class='ocrx_word' id='word_1_65' title='bbox 671 1537 773 1610; x_wconf 89' lang='lat' dir='ltr'>enim,</span> <span class='ocrx_word' id='word_1_66' title='bbox 786 1535 864 1620; x_wconf 83' lang='lat' dir='ltr'>quie</span> <span class='ocrx_word' id='word_1_67' title='bbox 878 1537 1042 1602; x_wconf 89' lang='lat' dir='ltr'>cernimus</span> <span class='ocrx_word' id='word_1_68' title='bbox 1056 1541 1133 1626; x_wconf 86' lang='lat' dir='ltr'>ipsi,</span> <span class='ocrx_word' id='word_1_69' title='bbox 1168 1611 1173 1622; x_wconf 31' lang='lat'><strong><em>¹</em></strong></span> 
     </span>
     <span class='ocr_line' id='line_1_11' title="bbox 147 1649 869 1733; baseline 0.001 -19"><span class='ocrx_word' id='word_1_70' title='bbox 147 1650 233 1714; x_wconf 87' lang='grc'><strong>66616</strong></span> <span class='ocrx_word' id='word_1_71' title='bbox 247 1649 434 1733; x_wconf 90' lang='lat' dir='ltr'>suscipiunt</span> <span class='ocrx_word' id='word_1_72' title='bbox 447 1649 548 1713; x_wconf 90' lang='lat' dir='ltr'>ullum</span> <span class='ocrx_word' id='word_1_73' title='bbox 562 1650 692 1714; x_wconf 81' lang='lat' dir='ltr'>reclusa</span> <span class='ocrx_word' id='word_1_74' title='bbox 706 1651 869 1716; x_wconf 85' lang='lat' dir='ltr'>laborem.</span> 
     </span>
     <span class='ocr_line' id='line_1_12' title="bbox 146 1763 955 1850; baseline 0.002 -22"><span class='ocrx_word' id='word_1_75' title='bbox 146 1770 322 1850; x_wconf 81' lang='lat' dir='ltr'>praeterea</span> <span class='ocrx_word' id='word_1_76' title='bbox 336 1763 365 1826; x_wconf 89' lang='lat' dir='ltr'>si</span> <span class='ocrx_word' id='word_1_77' title='bbox 378 1785 441 1849; x_wconf 90' lang='lat' dir='ltr'><strong>pro</strong></span> <span class='ocrx_word' id='word_1_78' title='bbox 456 1763 582 1828; x_wconf 83' lang='lat' dir='ltr'>foribus</span> <span class='ocrx_word' id='word_1_79' title='bbox 598 1771 676 1829; x_wconf 87' lang='grc'><strong>6666</strong></span> <span class='ocrx_word' id='word_1_80' title='bbox 689 1765 812 1830; x_wconf 82' lang='lat' dir='ltr'>lumine</span> <span class='ocrx_word' id='word_1_81' title='bbox 825 1774 955 1840; x_wconf 88' lang='lat' dir='ltr'>nostra,</span> 
     </span>
     <span class='ocr_line' id='line_1_13' title="bbox 145 1878 913 1964; baseline 0.003 -22"><span class='ocrx_word' id='word_1_82' title='bbox 145 1880 210 1942; x_wconf 82' lang='lat' dir='ltr'><strong>iem</strong></span> <span class='ocrx_word' id='word_1_83' title='bbox 224 1878 328 1964; x_wconf 80' lang='lat' dir='ltr'>magis</span> <span class='ocrx_word' id='word_1_84' title='bbox 344 1878 507 1964; x_wconf 86' lang='lat' dir='ltr'>exemptis</span> <span class='ocrx_word' id='word_1_85' title='bbox 521 1879 626 1943; x_wconf 90' lang='lat' dir='ltr'>oculis</span> <span class='ocrx_word' id='word_1_86' title='bbox 642 1878 766 1943; x_wconf 89' lang='lat' dir='ltr'>debere</span> <span class='ocrx_word' id='word_1_87' title='bbox 780 1878 913 1944; x_wconf 88' lang='lat' dir='ltr'>videtur</span> 
     </span>
     <span class='ocr_line' id='line_1_14' title="bbox 146 1992 925 2079; baseline 0.003 -22"><span class='ocrx_word' id='word_1_88' title='bbox 146 2013 283 2058; x_wconf 88' lang='lat' dir='ltr'>cernere</span> <span class='ocrx_word' id='word_1_89' title='bbox 298 2014 352 2056; x_wconf 87' lang='lat' dir='ltr'><strong>res</strong></span> <span class='ocrx_word' id='word_1_90' title='bbox 368 1993 493 2056; x_wconf 83' lang='lat' dir='ltr'>enimus</span> <span class='ocrx_word' id='word_1_91' title='bbox 509 1992 647 2056; x_wconf 84' lang='lat' dir='ltr'>sublatis</span> <span class='ocrx_word' id='word_1_92' title='bbox 663 1995 817 2079; x_wconf 88' lang='lat' dir='ltr'>postibus</span> <span class='ocrx_word' id='word_1_93' title='bbox 831 1995 925 2079; x_wconf 89' lang='lat' dir='ltr'>ipsis.</span> 
     </span>
    </p>

    <p class='ocr_par' dir='ltr' id='par_1_7' title="bbox 69 2106 1037 2631">
     <span class='ocr_line' id='line_1_15' title="bbox 69 2106 1037 2194; baseline 0 -22"><span class='ocrx_word' id='word_1_94' title='bbox 69 2127 121 2172; x_wconf 76' lang='lat'><strong>370</strong></span> <span class='ocrx_word' id='word_1_95' title='bbox 186 2106 272 2172; x_wconf 90' lang='lat' dir='ltr'>Illud</span> <span class='ocrx_word' id='word_1_96' title='bbox 286 2107 320 2170; x_wconf 92' lang='lat' dir='ltr'><strong>in</strong></span> <span class='ocrx_word' id='word_1_97' title='bbox 335 2106 387 2170; x_wconf 89' lang='lat' dir='ltr'>bis</span> <span class='ocrx_word' id='word_1_98' title='bbox 402 2108 503 2171; x_wconf 88' lang='lat' dir='ltr'>rebus</span> <span class='ocrx_word' id='word_1_99' title='bbox 517 2129 728 2193; x_wconf 80' lang='lat' dir='ltr'>nequequam</span> <span class='ocrx_word' id='word_1_100' title='bbox 743 2129 873 2172; x_wconf 87' lang='lat' dir='ltr'>sumere</span> <span class='ocrx_word' id='word_1_101' title='bbox 888 2112 1012 2194; x_wconf 81' lang='lat' dir='ltr'>possis,</span> <span class='ocrx_word' id='word_1_102' title='bbox 1034 2181 1037 2191; x_wconf 34' lang='grc' dir='ltr'>Ι</span> 
     </span>
     <span class='ocr_line' id='line_1_16' title="bbox 148 2220 954 2309; baseline -0.001 -22"><span class='ocrx_word' id='word_1_103' title='bbox 148 2222 330 2287; x_wconf 81' lang='lat' dir='ltr'>Democriti</span> <span class='ocrx_word' id='word_1_104' title='bbox 345 2220 438 2306; x_wconf 92' lang='lat' dir='ltr'>quod</span> <span class='ocrx_word' id='word_1_105' title='bbox 452 2229 570 2285; x_wconf 84' lang='lat' dir='ltr'>sancta</span> <span class='ocrx_word' id='word_1_106' title='bbox 586 2223 647 2285; x_wconf 92' lang='lat' dir='ltr'>viri</span> <span class='ocrx_word' id='word_1_107' title='bbox 663 2224 830 2286; x_wconf 85' lang='lat' dir='ltr'>sententie</span> <span class='ocrx_word' id='word_1_108' title='bbox 844 2223 954 2309; x_wconf 88' lang='lat' dir='ltr'>ponit,</span> 
     </span>
     <span class='ocr_line' id='line_1_17' title="bbox 148 2333 1001 2425; baseline -0.004 -23"><span class='ocrx_word' id='word_1_109' title='bbox 148 2337 299 2425; x_wconf 91' lang='lat' dir='ltr'>corporis</span> <span class='ocrx_word' id='word_1_110' title='bbox 314 2345 415 2421; x_wconf 87' lang='grc'><strong>66666</strong></span> <span class='ocrx_word' id='word_1_111' title='bbox 430 2336 528 2398; x_wconf 85' lang='lat' dir='ltr'>animi</span> <span class='ocrx_word' id='word_1_112' title='bbox 544 2333 743 2422; x_wconf 82' lang='lat' dir='ltr'>primordia,</span> <span class='ocrx_word' id='word_1_113' title='bbox 754 2336 884 2421; x_wconf 84' lang='lat' dir='ltr'>singula</span> <span class='ocrx_word' id='word_1_114' title='bbox 897 2337 1001 2420; x_wconf 93' lang='lat' dir='ltr'>privis</span> 
     </span>
     <span class='ocr_line' id='line_1_18' title="bbox 147 2451 999 2537; baseline 0 -22"><span class='ocrx_word' id='word_1_115' title='bbox 147 2451 319 2537; x_wconf 79' lang='lat' dir='ltr'>adposite,</span> <span class='ocrx_word' id='word_1_116' title='bbox 330 2451 466 2516; x_wconf 84' lang='lat' dir='ltr'>alternis</span> <span class='ocrx_word' id='word_1_117' title='bbox 481 2451 626 2524; x_wconf 83' lang='lat' dir='ltr'>variare,</span> <span class='ocrx_word' id='word_1_118' title='bbox 638 2471 677 2514; x_wconf 84' lang='lat' dir='ltr'><strong>ac</strong></span> <span class='ocrx_word' id='word_1_119' title='bbox 692 2456 826 2514; x_wconf 79' lang='lat' dir='ltr'>nectere</span> <span class='ocrx_word' id='word_1_120' title='bbox 840 2451 999 2515; x_wconf 85' lang='lat' dir='ltr'>membra.</span> 
     </span>
     <span class='ocr_line' id='line_1_19' title="bbox 147 2565 974 2631; baseline -0.002 -1"><span class='ocrx_word' id='word_1_121' title='bbox 147 2589 222 2631; x_wconf 86' lang='lat' dir='ltr'><strong>nam</strong></span> <span class='ocrx_word' id='word_1_122' title='bbox 238 2587 311 2630; x_wconf 87' lang='lat' dir='ltr'>curn</span> <span class='ocrx_word' id='word_1_123' title='bbox 326 2566 429 2630; x_wconf 92' lang='lat' dir='ltr'>multo</span> <span class='ocrx_word' id='word_1_124' title='bbox 445 2572 525 2628; x_wconf 89' lang='lat' dir='ltr'>sunt</span> <span class='ocrx_word' id='word_1_125' title='bbox 538 2565 700 2629; x_wconf 81' lang='lat' dir='ltr'>elementa</span> <span class='ocrx_word' id='word_1_126' title='bbox 713 2566 842 2629; x_wconf 85' lang='lat' dir='ltr'>minora</span> <span class='ocrx_word' id='word_1_127' title='bbox 856 2566 974 2629; x_wconf 81' lang='lat' dir='ltr'>animai</span> 
     </span>
    </p>

    <p class='ocr_par' dir='ltr' id='par_1_8' title="bbox 70 2681 1068 3228">
     <span class='ocr_line' id='line_1_20' title="bbox 70 2681 1046 2767; baseline 0.003 -23"><span class='ocrx_word' id='word_1_128' title='bbox 70 2701 122 2745; x_wconf 77' lang='lat'><strong>375</strong></span> <span class='ocrx_word' id='word_1_129' title='bbox 148 2703 247 2767; x_wconf 81' lang='lat' dir='ltr'>quam</span> <span class='ocrx_word' id='word_1_130' title='bbox 262 2681 382 2766; x_wconf 86' lang='lat' dir='ltr'>quibus</span> <span class='ocrx_word' id='word_1_131' title='bbox 398 2703 416 2744; x_wconf 89' lang='grc'><strong>6</strong></span> <span class='ocrx_word' id='word_1_132' title='bbox 431 2701 553 2766; x_wconf 88' lang='lat' dir='ltr'>corpus</span> <span class='ocrx_word' id='word_1_133' title='bbox 568 2681 664 2744; x_wconf 89' lang='lat' dir='ltr'>nobis</span> <span class='ocrx_word' id='word_1_134' title='bbox 681 2687 714 2744; x_wconf 92' lang='grc'><strong>66</strong></span> <span class='ocrx_word' id='word_1_135' title='bbox 728 2681 858 2744; x_wconf 82' lang='lat' dir='ltr'>viscera</span> <span class='ocrx_word' id='word_1_136' title='bbox 873 2687 1046 2760; x_wconf 85' lang='grc'><strong>66666666,</strong></span> 
     </span>
     <span class='ocr_line' id='line_1_21' title="bbox 148 2793 1046 2880; baseline 0 -20"><span class='ocrx_word' id='word_1_137' title='bbox 148 2807 217 2861; x_wconf 88' lang='grc'><strong>666</strong></span> <span class='ocrx_word' id='word_1_138' title='bbox 231 2816 368 2859; x_wconf 86' lang='grc'><strong>666666</strong></span> <span class='ocrx_word' id='word_1_139' title='bbox 385 2815 518 2880; x_wconf 90' lang='grc'><strong>666666</strong></span> <span class='ocrx_word' id='word_1_140' title='bbox 534 2793 725 2860; x_wconf 88' lang='grc'><strong>6666661666</strong></span> <span class='ocrx_word' id='word_1_141' title='bbox 740 2801 774 2858; x_wconf 88' lang='grc'><strong>66</strong></span> <span class='ocrx_word' id='word_1_142' title='bbox 787 2815 864 2859; x_wconf 79' lang='lat' dir='ltr'>rere</span> <span class='ocrx_word' id='word_1_143' title='bbox 878 2815 939 2880; x_wconf 92' lang='lat' dir='ltr'><strong>per</strong></span> <span class='ocrx_word' id='word_1_144' title='bbox 953 2805 1046 2862; x_wconf 81' lang='lat' dir='ltr'>ortus</span> 
     </span>
     <span class='ocr_line' id='line_1_22' title="bbox 149 2908 1068 2996; baseline 0.001 -21"><span class='ocrx_word' id='word_1_145' title='bbox 149 2911 266 2976; x_wconf 80' lang='lat' dir='ltr'>dissita</span> <span class='ocrx_word' id='word_1_146' title='bbox 279 2917 374 2986; x_wconf 87' lang='lat' dir='ltr'>sunt,</span> <span class='ocrx_word' id='word_1_147' title='bbox 385 2908 463 2973; x_wconf 91' lang='lat' dir='ltr'><strong>dum</strong></span> <span class='ocrx_word' id='word_1_148' title='bbox 477 2917 589 2986; x_wconf 80' lang='lat' dir='ltr'>texot3</span> <span class='ocrx_word' id='word_1_149' title='bbox 600 2919 638 2990; x_wconf 80' lang='lat' dir='ltr'><strong>qt</strong></span> <span class='ocrx_word' id='word_1_150' title='bbox 652 2909 719 2973; x_wconf 90' lang='lat' dir='ltr'><strong>hoc</strong></span> <span class='ocrx_word' id='word_1_151' title='bbox 733 2910 929 2993; x_wconf 86' lang='lat' dir='ltr'>promittere</span> <span class='ocrx_word' id='word_1_152' title='bbox 943 2913 1068 2996; x_wconf 83' lang='lat' dir='ltr'>possis,</span> 
     </span>
     <span class='ocr_line' id='line_1_23' title="bbox 151 3023 1062 3112; baseline -0.008 -21"><span class='ocrx_word' id='word_1_153' title='bbox 151 3024 312 3112; x_wconf 88' lang='grc'><strong>66666616</strong></span> <span class='ocrx_word' id='word_1_154' title='bbox 325 3025 421 3112; x_wconf 85' lang='lat' dir='ltr'>priva</span> <span class='ocrx_word' id='word_1_155' title='bbox 436 3032 561 3108; x_wconf 82' lang='lat' dir='ltr'>queant</span> <span class='ocrx_word' id='word_1_156' title='bbox 575 3024 672 3087; x_wconf 90' lang='lat' dir='ltr'>nobis</span> <span class='ocrx_word' id='word_1_157' title='bbox 687 3023 809 3086; x_wconf 79' lang='lat' dir='ltr'>iniecta</span> <span class='ocrx_word' id='word_1_158' title='bbox 823 3023 910 3086; x_wconf 88' lang='lat' dir='ltr'>ciere</span> <span class='ocrx_word' id='word_1_159' title='bbox 1060 3025 1062 3030; x_wconf 83' lang='lat'>&#39;</span> 
     </span>
     <span class='ocr_line' id='line_1_24' title="bbox 150 3138 945 3228; baseline -0.008 -22"><span class='ocrx_word' id='word_1_160' title='bbox 150 3161 295 3228; x_wconf 85' lang='lat' dir='ltr'>corpora</span> <span class='ocrx_word' id='word_1_161' title='bbox 309 3138 491 3203; x_wconf 87' lang='lat' dir='ltr'>sensiferos</span> <span class='ocrx_word' id='word_1_162' title='bbox 506 3145 616 3201; x_wconf 87' lang='lat' dir='ltr'>motus</span> <span class='ocrx_word' id='word_1_163' title='bbox 631 3138 665 3200; x_wconf 91' lang='lat' dir='ltr'><strong>in</strong></span> <span class='ocrx_word' id='word_1_164' title='bbox 680 3157 822 3222; x_wconf 89' lang='lat' dir='ltr'>corpore</span> <span class='ocrx_word' id='word_1_165' title='bbox 832 3185 840 3210; x_wconf 84' lang='lat'>,</span> <span class='ocrx_word' id='word_1_166' title='bbox 851 3143 945 3200; x_wconf 87' lang='grc'><strong>66666</strong></span> 
     </span>
    </p>

    <p class='ocr_par' dir='ltr' id='par_1_9' title="bbox 75 3250 1080 3798">
     <span class='ocr_line' id='line_1_25' title="bbox 75 3250 863 3338; baseline -0.005 -20"><span class='ocrx_word' id='word_1_167' title='bbox 75 3275 125 3318; x_wconf 83' lang='grc'><strong>366</strong></span> <span class='ocrx_word' id='word_1_168' title='bbox 147 3255 323 3320; x_wconf 81' lang='lat' dir='ltr'>intervalla</span> <span class='ocrx_word' id='word_1_169' title='bbox 335 3263 450 3318; x_wconf 86' lang='lat' dir='ltr'>tenere</span> <span class='ocrx_word' id='word_1_170' title='bbox 466 3250 606 3318; x_wconf 80' lang='lat' dir='ltr'>exordia</span> <span class='ocrx_word' id='word_1_171' title='bbox 620 3253 716 3338; x_wconf 82' lang='lat' dir='ltr'>privo</span> <span class='ocrx_word' id='word_1_172' title='bbox 730 3251 863 3315; x_wconf 78' lang='lat' dir='ltr'>animai.</span> 
     </span>
     <span class='ocr_line' id='line_1_26' title="bbox 148 3363 1080 3455; baseline -0.003 -22"><span class='ocrx_word' id='word_1_173' title='bbox 148 3391 225 3433; x_wconf 83' lang='lat' dir='ltr'><strong>nam</strong></span> <span class='ocrx_word' id='word_1_174' title='bbox 239 3391 349 3455; x_wconf 87' lang='lat' dir='ltr'>nequo</span> <span class='ocrx_word' id='word_1_175' title='bbox 363 3368 511 3455; x_wconf 88' lang='lat' dir='ltr'>pulveris</span> <span class='ocrx_word' id='word_1_176' title='bbox 525 3368 611 3432; x_wconf 88' lang='grc'><strong>16666</strong></span> <span class='ocrx_word' id='word_1_177' title='bbox 627 3365 705 3430; x_wconf 91' lang='lat' dir='ltr'><strong>dum</strong></span> <span class='ocrx_word' id='word_1_178' title='bbox 721 3366 882 3430; x_wconf 88' lang='lat' dir='ltr'>sentimus</span> <span class='ocrx_word' id='word_1_179' title='bbox 898 3363 1080 3431; x_wconf 78' lang='lat' dir='ltr'>adhaesum</span> 
     </span>
     <span class='ocr_line' id='line_1_27' title="bbox 149 3480 1003 3570; baseline -0.005 -22"><span class='ocrx_word' id='word_1_180' title='bbox 149 3506 293 3570; x_wconf 88' lang='lat' dir='ltr'>corpore</span> <span class='ocrx_word' id='word_1_181' title='bbox 308 3505 370 3548; x_wconf 87' lang='lat' dir='ltr'><strong>nec</strong></span> <span class='ocrx_word' id='word_1_182' title='bbox 384 3483 539 3548; x_wconf 88' lang='lat' dir='ltr'>membris</span> <span class='ocrx_word' id='word_1_183' title='bbox 551 3482 719 3548; x_wconf 80' lang='lat' dir='ltr'>incussam</span> <span class='ocrx_word' id='word_1_184' title='bbox 735 3480 845 3546; x_wconf 88' lang='lat' dir='ltr'>sidere</span> <span class='ocrx_word' id='word_1_185' title='bbox 861 3487 1003 3557; x_wconf 79' lang='lat' dir='ltr'>cretam,</span> 
     </span>
     <span class='ocr_line' id='line_1_28' title="bbox 151 3595 946 3684; baseline -0.003 -22"><span class='ocrx_word' id='word_1_186' title='bbox 151 3619 215 3662; x_wconf 89' lang='lat' dir='ltr'><strong>nec</strong></span> <span class='ocrx_word' id='word_1_187' title='bbox 228 3600 382 3663; x_wconf 83' lang='lat' dir='ltr'>nebulam</span> <span class='ocrx_word' id='word_1_188' title='bbox 397 3605 500 3662; x_wconf 89' lang='lat' dir='ltr'>noctu</span> <span class='ocrx_word' id='word_1_189' title='bbox 513 3619 623 3684; x_wconf 90' lang='lat' dir='ltr'>neque</span> <span class='ocrx_word' id='word_1_190' title='bbox 638 3597 750 3661; x_wconf 88' lang='grc'><strong>666661</strong></span> <span class='ocrx_word' id='word_1_191' title='bbox 767 3596 877 3661; x_wconf 82' lang='lat' dir='ltr'>tenvia</span> <span class='ocrx_word' id='word_1_192' title='bbox 891 3595 946 3660; x_wconf 87' lang='grc'><strong>1116</strong></span> 
     </span>
     <span class='ocr_line' id='line_1_29' title="bbox 149 3710 933 3798; baseline -0.003 -22"><span class='ocrx_word' id='word_1_193' title='bbox 149 3713 251 3776; x_wconf 82' lang='lat' dir='ltr'>obvio</span> <span class='ocrx_word' id='word_1_194' title='bbox 265 3713 442 3787; x_wconf 86' lang='lat' dir='ltr'>sentimus,</span> <span class='ocrx_word' id='word_1_195' title='bbox 454 3710 590 3798; x_wconf 81' lang='lat' dir='ltr'>quando</span> <span class='ocrx_word' id='word_1_196' title='bbox 606 3712 787 3776; x_wconf 88' lang='lat' dir='ltr'>obretimur</span> <span class='ocrx_word' id='word_1_197' title='bbox 801 3717 933 3786; x_wconf 88' lang='lat' dir='ltr'>euntes,</span> 
     </span>
    </p>

    <p class='ocr_par' dir='ltr' id='par_1_10' title="bbox 77 3824 939 3913">
     <span class='ocr_line' id='line_1_30' title="bbox 77 3824 939 3913; baseline 0.002 -25"><span class='ocrx_word' id='word_1_198' title='bbox 77 3843 126 3889; x_wconf 81' lang='grc'><strong>363</strong></span> <span class='ocrx_word' id='word_1_199' title='bbox 147 3847 213 3890; x_wconf 85' lang='grc'><strong>666</strong></span> <span class='ocrx_word' id='word_1_200' title='bbox 227 3847 350 3912; x_wconf 84' lang='lat' dir='ltr'>supera</span> <span class='ocrx_word' id='word_1_201' title='bbox 364 3835 467 3913; x_wconf 84' lang='lat' dir='ltr'>eaput</span> <span class='ocrx_word' id='word_1_202' title='bbox 482 3824 629 3890; x_wconf 88' lang='lat' dir='ltr'>eiusdem</span> <span class='ocrx_word' id='word_1_203' title='bbox 643 3824 805 3890; x_wconf 87' lang='lat' dir='ltr'>eccidisse</span> <span class='ocrx_word' id='word_1_204' title='bbox 819 3825 939 3890; x_wconf 83' lang='lat' dir='ltr'>vietam</span> 
     </span>
    </p>
   </div>
   <div class='ocr_carea' id='block_1_3' title="bbox 149 3939 1024 4026">
    <p class='ocr_par' dir='ltr' id='par_1_11' title="bbox 149 3939 1024 4026">
     <span class='ocr_line' id='line_1_31' title="bbox 149 3939 1024 4026; baseline 0 -22"><span class='ocrx_word' id='word_1_205' title='bbox 149 3947 278 4004; x_wconf 87' lang='lat' dir='ltr'>vestem</span> <span class='ocrx_word' id='word_1_206' title='bbox 289 3989 296 4016; x_wconf 93' lang='lat'><strong>‚</strong></span> <span class='ocrx_word' id='word_1_207' title='bbox 306 3962 369 4004; x_wconf 89' lang='lat' dir='ltr'><strong>nec</strong></span> <span class='ocrx_word' id='word_1_208' title='bbox 384 3942 512 4026; x_wconf 87' lang='lat' dir='ltr'>plumes</span> <span class='ocrx_word' id='word_1_209' title='bbox 528 3939 636 4004; x_wconf 85' lang='lat' dir='ltr'>avium</span> <span class='ocrx_word' id='word_1_210' title='bbox 651 3961 850 4026; x_wconf 84' lang='lat' dir='ltr'>papposque</span> <span class='ocrx_word' id='word_1_211' title='bbox 866 3939 1024 4016; x_wconf 84' lang='lat' dir='ltr'>volantis,</span> 
     </span>
    </p>
   </div>
   <div class='ocr_carea' id='block_1_4' title="bbox 153 4251 1282 4491">
    <p class='ocr_par' dir='ltr' id='par_1_12' title="bbox 153 4251 1282 4491">
     <span class='ocr_line' id='line_1_32' title="bbox 153 4251 1282 4324; baseline -0.001 -19"><span class='ocrx_word' id='word_1_212' title='bbox 153 4259 203 4305; x_wconf 79' lang='grc'><strong>337</strong></span> <span class='ocrx_word' id='word_1_213' title='bbox 224 4253 306 4306; x_wconf 88' lang='lat' dir='ltr'>Perdi</span> <span class='ocrx_word' id='word_1_214' title='bbox 322 4255 333 4322; x_wconf 94' lang='grc'><strong>11</strong></span> <span class='ocrx_word' id='word_1_215' title='bbox 353 4260 403 4306; x_wconf 83' lang='grc'><strong>358</strong></span> <span class='ocrx_word' id='word_1_216' title='bbox 421 4253 559 4324; x_wconf 71' lang='lat' dir='ltr'>Multaque</span> <span class='ocrx_word' id='word_1_217' title='bbox 577 4255 587 4321; x_wconf 91' lang='grc'><strong>11</strong></span> <span class='ocrx_word' id='word_1_218' title='bbox 605 4251 737 4323; x_wconf 89' lang='lat' dir='ltr'>perditum</span> <span class='ocrx_word' id='word_1_219' title='bbox 756 4252 895 4323; x_wconf 86' lang='lat' dir='ltr'>expellitur</span> <span class='ocrx_word' id='word_1_220' title='bbox 913 4270 979 4306; x_wconf 80' lang='lat' dir='ltr'>aevo</span> <span class='ocrx_word' id='word_1_221' title='bbox 998 4270 1088 4323; x_wconf 83' lang='grc'><strong>66666.</strong></span> <span class='ocrx_word' id='word_1_222' title='bbox 1107 4255 1117 4322; x_wconf 90' lang='grc'><strong>11</strong></span> <span class='ocrx_word' id='word_1_223' title='bbox 1136 4259 1183 4306; x_wconf 85' lang='grc'><strong>361</strong></span> <span class='ocrx_word' id='word_1_224' title='bbox 1205 4252 1282 4304; x_wconf 78' lang='grc'><strong>111111-</strong></span> 
     </span>
     <span class='ocr_line' id='line_1_33' title="bbox 154 4333 1282 4407; baseline -0.004 -18"><span class='ocrx_word' id='word_1_225' title='bbox 154 4335 262 4406; x_wconf 75' lang='grc'><strong>61166611</strong></span> <span class='ocrx_word' id='word_1_226' title='bbox 280 4336 387 4407; x_wconf 85' lang='grc'><strong>61666611</strong></span> <span class='ocrx_word' id='word_1_227' title='bbox 406 4343 455 4390; x_wconf 84' lang='grc'><strong>365</strong></span> <span class='ocrx_word' id='word_1_228' title='bbox 474 4337 554 4406; x_wconf 86' lang='grc'><strong>66611</strong></span> <span class='ocrx_word' id='word_1_229' title='bbox 573 4341 621 4390; x_wconf 80' lang='grc'><strong>372</strong></span> <span class='ocrx_word' id='word_1_230' title='bbox 640 4337 745 4406; x_wconf 88' lang='lat' dir='ltr'>primis.</span> <span class='ocrx_word' id='word_1_231' title='bbox 774 4335 784 4404; x_wconf 92' lang='grc'><strong>11</strong></span> <span class='ocrx_word' id='word_1_232' title='bbox 808 4342 856 4390; x_wconf 79' lang='grc'><strong>374</strong></span> <span class='ocrx_word' id='word_1_233' title='bbox 874 4338 975 4390; x_wconf 79' lang='lat' dir='ltr'>animae</span> <span class='ocrx_word' id='word_1_234' title='bbox 993 4336 1123 4390; x_wconf 86' lang='grc'><strong>61666666</strong></span> <span class='ocrx_word' id='word_1_235' title='bbox 1140 4336 1253 4388; x_wconf 77' lang='lat' dir='ltr'>minore.</span> <span class='ocrx_word' id='word_1_236' title='bbox 1272 4333 1282 4398; x_wconf 94' lang='grc'><strong>11</strong></span> 
     </span>
     <span class='ocr_line' id='line_1_34' title="bbox 155 4418 812 4491; baseline 0.002 -20"><span class='ocrx_word' id='word_1_237' title='bbox 155 4425 206 4472; x_wconf 83' lang='grc'><strong>378</strong></span> <span class='ocrx_word' id='word_1_238' title='bbox 224 4421 310 4491; x_wconf 78' lang='lat' dir='ltr'>prime</span> <span class='ocrx_word' id='word_1_239' title='bbox 327 4423 338 4490; x_wconf 94' lang='grc'><strong>11</strong></span> <span class='ocrx_word' id='word_1_240' title='bbox 358 4427 407 4474; x_wconf 88' lang='grc'><strong>380</strong></span> <span class='ocrx_word' id='word_1_241' title='bbox 425 4419 509 4491; x_wconf 86' lang='lat' dir='ltr'>primu</span> <span class='ocrx_word' id='word_1_242' title='bbox 527 4421 539 4488; x_wconf 95' lang='grc'><strong>11</strong></span> <span class='ocrx_word' id='word_1_243' title='bbox 558 4427 605 4472; x_wconf 89' lang='grc'><strong>383</strong></span> <span class='ocrx_word' id='word_1_244' title='bbox 625 4421 696 4472; x_wconf 85' lang='lat' dir='ltr'>areni</span> <span class='ocrx_word' id='word_1_245' title='bbox 714 4418 812 4472; x_wconf 83' lang='grc'><strong>6666116</strong></span> 
     </span>
    </p>
   </div>
   <div class='ocr_carea' id='block_1_5' title="bbox 0 0 1478 5188">
    <p class='ocr_par' dir='ltr' id='par_1_13' title="bbox 0 0 1478 5188">
     <span class='ocr_line' id='line_1_35' title="bbox 0 0 1478 5188; baseline 0 0"><span class='ocrx_word' id='word_1_246' title='bbox 0 0 1478 5188; x_wconf 95' lang='lat' dir='ltr'><strong> </strong></span> 
     </span>
    </p>
   </div>
  </div>
 </body>
</html>
