2946 5188
632 485 648 552 1

56 667 262 724 contextum
276 658 329 724 vis
344 657 483 724 deberet
498 657 683 724 dissolvere
701 679 870 745 quaeque.

58 783 94 839 ot
107 797 206 840 nuno
216 824 226 852 ,
236 775 324 840 inter
339 795 376 840 se
391 774 470 859 quie
482 794 591 838 nexus
605 774 844 861 principiorum

20 907 36 952 e
59 887 244 954 dissimiles
260 895 418 953 constent
433 895 637 974 aeternoque
651 889 806 954 materies
821 896 888 964 est,
1000 951 1010 968 ,

60 1004 226 1068 ineolumi
240 1009 415 1069 remanent
427 1022 483 1066 res
498 1023 657 1090 corpore,
670 1002 748 1066 dum
763 1003 845 1067 sotis
860 1003 946 1068 aeris

61 1118 111 1181 vis
126 1120 236 1182 obeat
249 1140 312 1204 pro
330 1123 465 1182 texture
478 1118 639 1204 cuiusque
652 1125 804 1205 reperte.

62 1230 155 1296 baud
169 1232 276 1320 igitur
289 1231 380 1297 redit
393 1229 439 1296 ad
452 1231 553 1296 nilum
568 1253 623 1297 res
637 1231 721 1306 ullo,
734 1230 795 1296 sed
809 1251 925 1296 omnes
993 1316 996 1333 l

62 1345 210 1411 discidio
225 1345 369 1411 redeunt
382 1346 416 1410 in
432 1367 578 1432 corpora
591 1347 754 1412 materiei.

19 1477 43 1523 eo
64 1468 241 1548 postremo
257 1467 400 1546 pereunt
412 1460 552 1535 imbres,
563 1461 621 1526 ubi
635 1481 694 1524 eos
708 1467 805 1547 peter
819 1460 936 1525 aether

64 1575 98 1637 in
111 1575 279 1660 gremium
294 1575 410 1640 matris
424 1575 526 1640 terrai
540 1573 786 1660 praecipitavit:
895 1607 902 1622 ·

67 1697 101 1753 et
114 1689 244 1754 nitidae
260 1698 404 1776 surgunt
416 1689 531 1776 fruges
539 1737 548 1766 ‚
556 1689 708 1775 remique
721 1689 892 1755 virescunt

67 1805 263 1882 arboribus,
275 1811 432 1869 creseunt
444 1805 539 1890 ipsee
553 1804 691 1889 fotuque
704 1811 904 1890 graventur:

71 1916 145 1982 bino
160 1919 262 1985 ulitur
275 1939 380 2006 porro
395 1926 547 1986 nostrum
561 1939 667 2005 genus
682 1926 783 2004 etque
797 1918 956 1984 ferarum:

19 2045 50 2089 ret
71 2030 145 2096 bino
160 2033 269 2098 laetos
282 2033 385 2098 urbes
400 2035 513 2120 pueris
527 2033 649 2098 florere
663 2031 833 2110 videmus,

72 2145 342 2235 frondiferasque
355 2149 453 2213 novis
469 2149 587 2216 avibus
601 2167 722 2212 eenere
736 2145 886 2232 undique
901 2147 1019 2212 silvas:

75 2259 149 2325 bino
162 2261 274 2328 fessae
287 2261 436 2349 pecudes
451 2263 565 2350 pingui
580 2283 641 2347 per
654 2262 778 2347 pabula
791 2262 879 2326 laeto

77 2394 218 2462 corpore
232 2376 424 2464 deponunt,
437 2385 471 2441 et
485 2376 634 2441 condens
649 2376 777 2440 lacteus
791 2394 888 2439 umor

78 2489 229 2559 uberibus
243 2497 358 2557 manet
373 2489 546 2556 distentis:
558 2490 636 2554 hino
650 2511 741 2555 nove
754 2488 869 2574 proles
905 2511 910 2522 ·

22 2613 59 2660 roo
78 2593 212 2672 rrtdbus
225 2605 362 2672 infirmis
376 2617 511 2671 teneros
526 2605 652 2670 lesciva
666 2625 726 2691 per
739 2603 865 2668 herbas

81 2715 160 2784 ludit
172 2721 260 2786 laete
275 2741 367 2785 mero
382 2729 511 2786 mentes
526 2719 682 2805 perculsu
694 2719 861 2783 novellos.

81 2829 165 2900 baud
178 2835 280 2924 igitur
294 2837 428 2924 penitus
442 2841 586 2922 pereunt
599 2854 686 2920 quoe
701 2855 843 2918 eumque
856 2833 1030 2912 videntum
1149 2855 1155 2868 ’

84 2950 211 3030 quando
226 2949 295 3015 elid
310 2971 352 3014 ex
366 2950 432 3016 ulio
447 2949 553 3014 reficit
566 2957 703 3024 nature,
715 2969 778 3014 neo
791 2947 891 3012 ullam

83 3082 144 3126 rem
159 3066 249 3152 ffl'gni
263 3065 406 3151 potitur,
418 3064 482 3128 nisi
496 3075 603 3127 morte
618 3061 732 3125 adiuta
748 3047 869 3125 aliene.

30 3184 66 3230 roe
119 3176 214 3244 Nune
228 3201 291 3266 age
301 3229 309 3256 ‚
319 3201 375 3244 res
391 3178 547 3264 quonium
563 3176 662 3240 dooui
677 3195 745 3238 non
759 3196 861 3261 posse
876 3175 982 3238 oreeri

86 3287 123 3352 de
135 3295 199 3359 nilo
213 3315 323 3380 neque
337 3293 416 3358 item
430 3292 561 3378 genitus
575 3290 619 3356 ed
633 3289 679 3354 nil
693 3289 860 3364 revocari,

87 3425 122 3467 ne
135 3430 200 3493 quo
212 3407 301 3474 forte
315 3415 427 3473 temen
441 3415 580 3494 coeptes
594 3403 748 3470 diffidere
763 3402 877 3479 dietis,

89 3521 170 3602 quod
184 3530 358 3610 nequeunt
372 3521 476 3586 oeulis
491 3541 601 3586 rerum
614 3517 797 3606 primordie
811 3518 916 3591 cerni,

88 3638 190 3723 accipe
203 3647 381 3725 praetereo
395 3657 481 3722 quoe
497 3655 640 3721 corpore
653 3641 725 3699 tute
739 3641 912 3698 necessest

37 3753 71 3802 ‘²²⁰
89 3752 256 3818 confiteare
271 3771 346 3816 esse
360 3751 394 3816 in
407 3750 508 3814 rebus
523 3770 585 3813 neo
599 3769 702 3835 posse
716 3745 839 3811 videri.
888 3765 893 3774 ·

90 3864 239 3952 principio
253 3866 346 3930 venti
359 3865 410 3930 vis
424 3863 581 3929 verberet
594 3863 697 3928 incito
710 3869 826 3926 cautes

90 3973 288 4067 ingentisque
302 3980 370 4044 ruit
384 3980 479 4045 nevis
493 3986 527 4042 et
541 3977 654 4042 nubile
668 3976 794 4052 differt,
897 3983 900 3990 “

92 4087 258 4160 interdum
272 4093 393 4182 rapido
406 4114 607 4181 percurrens
620 4092 753 4157 turbine
769 4111 905 4178 compos

92 4205 256 4274 arboribus
271 4208 399 4295 mugnis
414 4209 537 4292 sternit
546 4207 736 4291 montisque
752 4225 926 4291 supremos

95 4369 282 4388 ''Q—n...-

97 4453 136 4503 257
153 4455 263 4526 pinguis·
276 4454 286 4524 il
305 4461 353 4508 26³
374 4473 406 4508 ox
424 4453 475 4508 ullo
493 4455 503 4522 ΙΙ
523 4459 572 4507 264
591 4452 679 4507 ndlutr
697 4452 707 4521 Η
726 4458 773 4505 271
794 4459 898 4504 cortus.
