3034 5204
273 471 346 540 238
811 469 862 538 Vl

271 647 358 732 ignis
372 647 451 710 item
466 643 625 730 liquidnm
639 645 721 710 facit
735 665 792 707 aes
808 665 991 730 aurumque
1006 647 1160 721 resolvit,

272 769 307 825 at
322 761 412 824 coria
426 768 460 824 et
474 780 607 823 carnem
623 759 726 823 trahit
741 766 774 823 ct
789 758 947 824 conducit
960 761 994 823 in
1007 783 1124 824 unum.

271 897 367 940 umor
382 893 489 960 aquae
503 894 606 959 porro
620 873 746 940 ferrum
761 873 927 938 condurat
941 875 982 939 ab
997 875 1080 960 igni,

272 1005 307 1055 at
322 991 412 1054 coria
427 997 462 1053 et
476 1009 606 1054 carnem
621 988 727 1052 mollit
742 988 862 1052 durata
876 989 1002 1076 ¹calore.

199 1123 249 1169 919
269 1105 464 1189 barbigeras
480 1102 625 1167 oleaster
641 1123 680 1166 eo
695 1103 787 1168 iuvat
801 1124 908 1189 usque
924 1103 1085 1190 capellas,

273 1219 388 1282 effluat
401 1218 586 1282 ambrosiae
602 1219 699 1302 quasi
714 1239 792 1282 vere
809 1228 842 1282 et
855 1218 992 1282 nectari’
1006 1218 1142 1292 11991991

272 1355 339 1419 qua
352 1333 399 1397 nil
415 1342 466 1407 est
479 1331 604 1396 homini
620 1331 713 1416 quod
727 1333 861 1396 amariu’
875 1332 1032 1397 frondeat
1047 1354 1137 1397 esca.

272 1447 417 1534 denique
431 1447 653 1512 amaracinum
667 1447 788 1533 fugitat
801 1469 860 1512 sus
875 1455 909 1512 et
923 1448 1018 1511 timet
1031 1469 1128 1512 omne
1191 1469 1193 1474 ’

270 1570 468 1648 ungentum:
479 1582 556 1625 nam
570 1561 742 1646 saetigeris
758 1563 861 1626 subus
876 1583 953 1626 acre
968 1571 1182 1639 venenumst3

198 1694 248 1740 919
272 1675 365 1762 quod
379 1699 442 1740 nos
456 1677 543 1740 inter
558 1673 635 1738 dum
652 1683 719 1739 tam
735 1696 834 1760 quam
848 1697 1002 1741 recreare
1016 1676 1163 1742 videtur.

271 1801 307 1856 at
321 1799 439 1856 contra
453 1790 550 1854 nobis
566 1789 703 1853 caenum
717 1791 906 1856 taeterrima
920 1813 995 1855 cum
1010 1792 1054 1856 sit

271 1906 463 1994 spurcities,
476 1903 592 1968 eadem
607 1905 710 1968 subus
724 1903 809 1967 haec
822 1904 967 1970 iucunda
980 1905 1129 1983 videtur,

168 2089 173 2104 ,
268 2020 497 2086 insatiabiliter
512 2020 575 2085 toti
589 2026 628 2082 ut
642 2019 821 2083 volvantur
834 2019 971 2084 ibidem.

310 2135 385 2200 Hoc
401 2135 499 2198 etiam
513 2155 615 2221 super
630 2143 697 2210 est,
708 2135 782 2220 ipsa
796 2155 896 2220 quam
911 2133 1023 2199 dicere
1039 2135 1081 2200 de
1094 2159 1132 2201 re

196 2269 245 2316 999
268 2249 447 2337 adgredior
463 2246 555 2334 quod
571 2247 748 2313 dicendum
762 2250 856 2335 prius
871 2271 945 2314 esse
960 2249 1108 2316 videtur.

268 2367 371 2431 multa
384 2363 546 2429 foramina
560 2385 634 2428 oum
648 2365 747 2429 variis
762 2365 830 2429 sint
843 2363 977 2430 reddita
990 2368 1105 2443 rebus,

269 2481 416 2546 dissimili
431 2481 517 2544 inter
533 2501 570 2543 se
584 2487 705 2543 natura
718 2478 872 2564 praedita
888 2479 1014 2544 debent

268 2617 341 2659 esse
357 2604 391 2658 91
404 2594 529 2658 habere
545 2614 638 2658 suam
653 2600 804 2656 naturam
819 2614 972 2678 quaeque
986 2594 1138 2680 viasque.

267 2710 391 2796 quippe
407 2707 526 2772 etenim
542 2707 623 2770 varii
638 2727 756 2770 sensus
770 2707 990 2772 animantibus
1004 2709 1132 2783 insunt,

193 2841 243 2887 999
267 2815 412 2910 quorum
423 2823 565 2908 quisque
580 2843 673 2886 suam
688 2821 824 2908 proprie
838 2843 908 2884 rem
921 2823 1065 2908 percipit
1078 2825 1112 2888 in
1127 2846 1178 2888 se:

267 2960 341 3002 nam
357 2945 534 3023 penetrare
549 2937 613 3001 alio
628 2936 758 3000 sonitus
773 2935 906 3021 alioque
921 2959 1075 3023 saporem

266 3053 430 3117 cernimus
447 3073 464 3116 e
479 3053 584 3128 sucis,
595 3050 659 3114 alio
675 3049 802 3115 nidoris
818 3051 957 3117 odores.

191 3184 239 3232 991
263 3176 437 3253 praeterea
450 3188 585 3231 manere
599 3165 690 3230 aliud
704 3187 764 3252 per
779 3187 862 3230 saxa
875 3166 1022 3243 videtur,

265 3289 365 3368 atque
381 3279 470 3346 aliud
484 3281 580 3372 lignis
591 3330 599 3356 ,
611 3281 699 3345 aliud
714 3282 856 3346 transire
870 3303 933 3367 per
947 3305 1078 3358 aurum,

264 3403 471 3482 argentoque
485 3395 576 3459 foras
591 3394 681 3459 aliud
696 3395 851 3479 vitroque
865 3417 991 3460 meare:

263 3533 340 3576 nam
354 3509 457 3574 fluere
470 3509 535 3574 hae
551 3509 680 3594 species
690 3558 697 3584 ‚
708 3507 784 3572 illac
799 3508 890 3572 calor
904 3510 952 3573 ire
966 3509 1114 3586 videtur,

189 3643 238 3690 995
262 3635 364 3711 atque
379 3625 451 3689 aliis
466 3623 546 3687 aliut
561 3623 657 3687 citius
672 3623 899 3687 transmittere
915 3623 1045 3690 eadem.

262 3737 452 3816 scilieet‚id
466 3739 536 3803 lieri
553 3739 642 3824 cogit
657 3745 777 3802 natura
790 3737 916 3804 viarum

172 3914 177 3928 ,
260 3853 463 3928 multimodis
476 3854 608 3918 varians
618 3902 626 3929 ‚
636 3862 674 3918 nt
688 3852 788 3940 paulo
803 3853 1009 3919 ostendimus
1023 3863 1115 3931 ante,

187 3987 237 4034 999
259 3977 400 4055 propter
416 3968 604 4033 dissimilem
619 3977 772 4034 naturam
787 3978 947 4056 textaque
961 3991 1084 4036 rerum.

260 4173 461 4180 ———-

262 4287 312 4334 969
335 4280 430 4334 calori.
455 4281 465 4349 11
490 4287 538 4333 971
564 4281 710 4336 ainbrosias
740 4285 749 4351 ll
779 4299 842 4335 vero
866 4289 893 4334 et
919 4289 1028 4334 nectare
1049 4282 1161 4336 tinctus.
1185 4283 1195 4350 ΙΙ
1219 4288 1268 4334 972
1291 4283 1388 4336 merlus

261 4365 387 4420 frondere
412 4371 516 4418 exscet.
540 4363 550 4433 l
574 4371 623 4418 979
647 4367 806 4419 meraeinum
831 4365 841 4435 ll
864 4371 912 4418 977
943 4364 1056 4417 claranda
1079 4369 1089 4436 ll
1113 4371 1163 4420 989
1186 4366 1282 4437 aloquc
1304 4367 1315 4435 ll
1338 4371 1388 4416 989

253 4453 405 4532 'ethaeo
424 4453 486 4500 997.
506 4447 516 4517 ΙΙ
535 4451 581 4500 991
602 4448 730 4502 Praetere
748 4464 853 4502 manere
873 4445 882 4515 ll
901 4453 950 4500 992
970 4447 1039 4518 ignis
