2972 5188
647 499 682 565 V
1146 500 1215 570 297

104 693 175 736 non
197 670 300 736 modo
323 670 416 758 quod
437 680 595 759 quartum
618 693 732 739 cesum
762 675 971 741 constructio
999 675 1151 760 respuit,
1181 683 1220 740 ut

104 767 339 834 Wakefieldus
355 769 436 835 dicit
451 771 564 854 (certe
579 769 634 835 elii
648 771 832 837 iunxerunt
844 773 946 837 tertio
955 775 983 858 ),
1006 773 1068 838 sed
1084 773 1162 858 quie
1176 785 1221 838 eet

106 887 183 931 cum
197 867 359 932 infinitivo
374 889 438 954 pro
454 871 523 936 licet
535 891 605 934 non
620 875 673 934 est
687 871 846 955 antiques
858 877 892 934 et
903 889 1081 956 germanae
1091 871 1219 936 Latini·

105 965 209 1030 tetis.
229 965 357 1051 primus
373 988 433 1043 eo,
456 975 618 1054 quantum
633 968 725 1043 scio,
745 989 828 1032 usus
844 975 897 1032 est
908 967 1019 1034 Varro
1035 968 1127 1055 apud
1139 967 1217 1034 Gel-

105 1062 186 1126 lium
197 1084 294 1139 xvm,
306 1063 345 1128 12
356 1066 441 1132 Inter
451 1069 620 1158 dracefiliae
630 1090 736 1154 repum
747 1068 824 1154 quid
831 1062 938 1147 mutet,
948 1069 1027 1131 inter
1034 1069 1218 1153 musam

103 1171 132 1224 et
148 1161 297 1236 Tulliam,
312 1173 357 1226 eet
367 1165 622 1229 errimadrereere.
637 1185 714 1228 num
725 1164 908 1230 Terentius
923 1163 1058 1249 quidem
1072 1185 1141 1228 non
1156 1163 1216 1229 du-

101 1257 177 1322 bito
189 1259 272 1344 quin
280 1259 455 1347 scripserit
468 1262 502 1326 in
513 1262 672 1327 Heauton
684 1264 911 1328 timorumeno
927 1284 948 1336 1,
957 1260 988 1337 2,
1000 1261 1037 1325 18
1052 1261 1135 1340 Quid
1143 1285 1218 1327 aar·

102 1355 179 1420 rat?
193 1357 270 1443 quid
281 1357 558 1426 iutuemur
572 1358 831 1426 ercammarum?
845 1361 1044 1446 prementum
1059 1351 1219 1425 crederes?

101 1473 175 1516 non
189 1455 360 1538 crederem
382 1463 417 1522 et
431 1458 466 1520 in
479 1457 644 1545 Adelphis
658 1481 690 1533 v,
699 1457 728 1535 3,
738 1458 778 1522 42
794 1458 880 1522 video
895 1481 944 1522 eos
956 1479 1084 1542 sapere,
1105 1459 1218 1522 intelle·

98 1574 196 1637 pere,
217 1554 250 1617 ia
271 1555 339 1618 loeo
359 1555 482 1637 Vereri,
503 1559 583 1623 iuter
601 1579 633 1620 ee
655 1579 762 1622 amare
773 1581 784 1619 .·
803 1557 896 1621 scires
916 1556 1044 1620 litmm
1060 1555 1220 1640 Iugarium

102 1660 196 1736 aeque
218 1653 376 1731 ammam,
398 1651 528 1716 scilieet
548 1652 613 1717 etsi
636 1673 696 1718 cos
710 1675 779 1719 non
794 1654 1034 1741 cognovisses3
1053 1673 1122 1717 non
1142 1655 1221 1718 seire

103 1759 168 1811 eet.
188 1747 223 1811 iu
235 1749 382 1814 Vitruvii
397 1773 432 1825 11,
442 1750 470 1826 9,
482 1750 518 1814 ll
534 1757 628 1815 reete
644 1751 720 1816 libri
736 1752 795 1818 Est
806 1763 906 1817 aulem
920 1753 1089 1816 marimum
1103 1751 1138 1814 id
1150 1775 1219 1816 cou-

101 1845 245 1910 siderore
259 1849 445 1913 Rauennae:
459 1847 560 1934 vulgo
571 1846 681 1913 fertur
690 1851 842 1914 mauime.
857 1857 1005 1913 ceterum
1016 1839 1100 1912 illud
1110 1849 1221 1933 ipsum

103 1953 151 2006 est
164 1945 272 2008 omitti
288 1966 356 2010 non
372 1953 506 2032 potest,
528 1966 638 2032 neque
653 1947 778 2012 omittit
788 1945 947 2011 Valerius
961 1945 1123 2022 Flaccus,
1145 1967 1221 2010 cum

104 2039 193 2105 dicit
205 2041 241 2106 in
252 2043 366 2117 veter
381 2045 456 2108 tales
468 2045 589 2130 quando
604 2032 656 2108 tibi
671 2067 793 2110 comere
807 2041 916 2129 repes?
929 2041 998 2107 hoc
1012 2044 1100 2108 enim
1114 2043 1220 2107 simile

103 2146 163 2204 est
176 2138 242 2202 illis
256 2139 363 2203 Marci
378 2138 480 2204 Tullii
502 2139 547 2204 sd
560 2141 710 2205 Atticum
730 2141 816 2206 libro
832 2163 886 2216 xv,
899 2140 945 2216 13,
960 2142 974 2204 l
991 2188 999 2216 ,
1022 2141 1088 2205 Sed
1099 2142 1222 2228 quaudo

103 2238 197 2302 illum
211 2238 307 2317 diem,
324 2259 392 2302 eum
406 2249 438 2302 tu
453 2239 600 2302 merdam
608 2233 720 2324 perles?
741 2240 863 2324 quibus
877 2239 983 2305 utitur
997 2239 1022 2302 l.
1038 2239 1073 2304 F.
1090 2239 1221 2304 Grono-

106 2337 185 2399 vius
200 2336 235 2397 in
251 2335 395 2400 dicti-ibe
405 2349 437 2420 p'.
450 2335 509 2400 106
519 2337 607 2401 inter
618 2335 684 2400 elia
695 2336 844 2402 eiusdem
855 2338 1005 2422 generis,
1021 2337 1132 2424 qualia
1143 2346 1224 2402 sunt

110 2435 182 2513 Quo
195 2432 467 2520 milifortemem?
493 2433 578 2498 llude
590 2433 667 2498 mili
680 2434 841 2521 lapidem?
861 2433 924 2499 sed
945 2445 1078 2500 veteres
1099 2435 1147 2499 illi
1162 2435 1221 2499 ali·

108 2531 248 2618 quando
265 2546 308 2597 est
320 2554 395 2597 cum
409 2533 573 2598 infinitivo
590 2535 781 2621 ponebant,
804 2534 862 2598 ubi
881 2533 1018 2620 saepius
1040 2533 1222 2598 utebantur

106 2643 142 2696 ur
161 2631 414 2708 coniunctione,
436 2641 475 2696 ut
490 2631 576 2696 Ceto
597 2631 657 2698 Est
674 2633 753 2696 inter
772 2633 845 2695 dum
859 2643 1023 2717 praestare
1043 2632 1224 2695 mercaturis

105 2753 173 2794 rem
187 2753 352 2817 quaerere,
366 2739 405 2794 ut
416 2729 556 2796 Plautus
571 2730 606 2795 in
617 2728 769 2816 Captivis
785 2752 806 2804 1,
814 2729 844 2804 2,
853 2729 895 2794 68
908 2728 979 2794 Hae
992 2729 1080 2793 illum
1094 2751 1142 2794 me
1154 2753 1221 2793 mu·

28 2877 32 2884 i
106 2839 174 2893 tare
189 2830 306 2918 confido
317 2829 411 2916 fore,
433 2830 471 2894 id
493 2836 546 2894 est
567 2827 702 2894 confido
724 2828 800 2893 fore
820 2835 860 2891 ut
880 2827 948 2891 hoc
968 2825 1060 2890 illum
1081 2835 1221 2890 mutem.

12 2943 15 2949 '
106 2927 300 2991 rarissimus
320 2927 482 3011 loquendi
502 2928 624 2991 modus
646 2933 699 2990 est
719 2947 816 3010 quem
836 2925 861 2988 1.
882 2925 917 2988 F.
939 2923 1132 2988 Gronovius
1153 2945 1223 2989 non

108 3025 287 3108 praeteriit
308 3025 341 3086 in
367 3024 453 3088 libro
470 3045 504 3087 iv
519 3025 815 3096 observationum,
839 3021 985 3106 capitulo
1000 3021 1029 3093 8,
1044 3041 1077 3104 p.
1089 3020 1147 3082 115
1165 3022 1223 3084 116

110 3121 189 3195 117,
203 3123 406 3204 permixtum
419 3119 563 3184 diversis
575 3141 617 3184 ex
629 3141 669 3184 eo
681 3139 819 3204 quoque
830 3137 953 3202 genere
966 3115 1059 3200 quod
1070 3116 1166 3200 attigi
1178 3116 1223 3180 ed

108 3218 233 3282 librum
245 3217 376 3293 1v,244:
391 3217 525 3282 sedilia
539 3238 626 3303 quae
641 3217 719 3282 dico
733 3216 904 3280 rarissimo
912 3261 921 3292 ,
935 3214 969 3276 in
984 3213 1107 3298 quibus
1121 3225 1164 3277 est
1175 3213 1224 3278 ita

108 3314 260 3401 intellegi
282 3315 404 3391 debet,
426 3327 469 3379 eet
482 3317 603 3403 aliquid
615 3314 686 3381 sive
695 3316 841 3402 prodest,
865 3311 1057 3376 Gronovius
1073 3309 1223 3377 Senecae

109 3437 151 3479 ac
167 3413 327 3478 Petronio
344 3413 509 3492 vindicut3
525 3413 726 3479 cuiusmodi
742 3421 795 3478 est
808 3413 843 3477 in
858 3409 1004 3496 epistula
1017 3409 1057 3474 87
1073 3408 1224 3474 Senecae

110 3513 158 3579 Μ.
179 3513 251 3577 Cato
266 3513 434 3594 censorium,
449 3535 538 3600 quem
552 3523 615 3578 lam
629 3516 676 3578 rei
685 3513 831 3600 publicae
844 3511 945 3576 hercle
950 3509 1017 3596 fuit
1029 3509 1115 3574 nasei
1129 3530 1223 3596 quam

111 3610 306 3698 Scipionem,
330 3609 427 3676 etde
450 3612 712 3689 clementia1,18
736 3612 856 3692 Quoto
878 3619 979 3674 autem
992 3630 1053 3684 uon
1065 3607 1225 3695 aueufirit

108 3733 207 3796 *quam
220 3711 381 3774 nmneruri
393 3711 472 3774 iuter
481 3710 604 3796 putem
621 3713 704 3776 malo
723 3721 809 3774 natos
820 3710 834 3773 !
854 3707 923 3772 hoc
943 3707 985 3770 ab
1008 3705 1223 3791 antiquorum

108 3829 174 3872 usu
188 3808 448 3872 remotissimum
464 3815 535 3882 est,
556 3829 665 3895 neque
677 3807 856 3872 Horatium
872 3825 912 3868 eo
928 3803 1030 3868 modo
1046 3803 1223 3886 scripsisse

112 3908 215 3973 credo
236 3907 271 3972 in
293 3927 484 3972 sermonum
501 3907 574 3984 11,5‚
585 3909 643 3971 103
665 3921 693 3972 ec
705 3909 732 3970 si
740 3907 873 3991 paulum
882 3913 968 3988 potes
977 3949 986 3980 ,
1008 3902 1222 3965 inlacrimare.

111 4018 154 4073 est
170 4007 296 4072 Gaudia
310 4007 490 4092 prodentem
509 4006 620 4069 volum
641 4006 761 4084 celare‚·
783 4002 841 4065 ubi
863 3999 1010 4064 litterum
1032 3996 1223 4062 addendam

112 4125 252 4180 censeo,
267 4103 334 4168 hoo
348 4102 469 4178 modo,
492 4103 675 4167 iuloem'ma.
698 4125 713 4166 e
727 4125 761 4164 re
776 4110 818 4163 eet
834 4097 960 4163 Garedia
968 4098 1147 4183 prodentem
1161 4097 1222 4161 eol·

112 4216 173 4267 mm
189 4205 306 4268 celare.

193 4301 409 4382 5360susrr
432 4321 607 4365 ausser.
630 4297 794 4363 Marullus
816 4317 987 4360 sorren.

187 4397 257 4462 537.
270 4395 330 4461 Ex
346 4421 413 4462 iss
424 4422 501 4463 aar
517 4419 641 4462 nevo.
656 4396 931 4478 Quadratuseeo.
942 4393 1223 4456 huiusoorrector

113 4493 240 4562 fecitm
251 4519 378 4563 nasse
389 4521 448 4577 eeo,
457 4493 850 4582 itaqueAntoniusllarii
860 4489 1103 4558 etVeronensis
1113 4485 1223 4552 editio.
