2946 5188
236 428 282 498 48
781 425 813 493 Π

238 602 323 666 sdris
339 599 422 664 haut
436 607 579 686 possunt
592 619 698 684 aeque
713 619 783 664 rem
799 618 965 684 quamque
980 599 1116 672 morari,

235 714 297 778 sed
312 715 406 779 eitius
422 712 547 778 cedunt
556 713 768 799 gravioribus
784 720 998 798 exsuperate:

164 847 212 928 ²0³⁵
234 839 270 895 at
285 837 403 894 contra
416 827 497 891 nulli
511 825 554 890 de
567 827 658 891 nulls
671 834 767 912 porte
781 847 890 910 noque
904 826 974 890 ullo

235 955 387 1029 tempore
401 941 498 1032 inane
513 949 627 1027 potest
641 961 783 1005 veeuum
798 941 981 1006 subsistere
995 941 1057 1015 rei,

236 1058 334 1143 quin,
345 1077 406 1120 sue
421 1053 513 1140 quod
528 1063 647 1120 muna
660 1056 761 1141 petit,
773 1055 960 1120 concedere
974 1062 1107 1140 pergst3

236 1171 346 1236 omnia
361 1193 427 1257 qua
441 1178 581 1256 propter
596 1169 720 1235 debent
734 1191 795 1255 per
808 1171 906 1234 inane
922 1170 1069 1254 quietum

234 1307 341 1371 seque
355 1284 560 1373 ponderibus
574 1306 642 1348 non
657 1284 772 1369 aequis
788 1284 918 1349 concite
931 1283 1026 1348 ferri.

84 1397 91 1410 '
162 1415 210 1462 240
231 1398 324 1463 haud
338 1400 437 1484 igitur
451 1406 612 1484 poterunt
625 1398 806 1470 levioribus
820 1397 968 1464 incidere
982 1417 1138 1482 umquem

235 1533 414 1598 exsupero
429 1513 583 1597 graviora
592 1561 600 1588 ‚
610 1533 720 1597 neque
733 1514 821 1576 ictus
836 1513 972 1598 gignere
987 1533 1047 1598 per
1061 1533 1114 1585 se,

235 1628 293 1712 qui
305 1626 436 1690 varient
450 1633 576 1700 motus,
587 1645 648 1713 per
663 1647 748 1711 quos
762 1633 883 1690 000000
897 1634 992 1711 geret
1007 1647 1078 1690 res.

154 1745 156 1748 ’
235 1761 338 1826 quare
353 1739 450 1805 etism
465 1748 567 1824 utque
583 1740 680 1804 etiam
695 1741 829 1826 paulum
842 1741 1001 1804 inclinare
1015 1747 1187 1804 necessest

234 1875 394 1939 eorporo3
405 1875 469 1917 nee
482 1854 558 1941 plus
573 1875 672 1940 quam
685 1855 869 1931 minimum,
880 1876 922 1918 ne
935 1855 1060 1940 fingere
1074 1863 1184 1920 motus

163 1985 212 2032 245
235 1968 389 2052 obliquos
404 1967 574 2034 videamur
590 1977 624 2033 et
637 1968 673 2033 id
688 1991 742 2034 res
756 1991 838 2034 vera
850 1969 989 2034 refutet.

233 2103 377 2166 namque
390 2081 457 2146 ho'c
471 2083 504 2146 in
519 2090 677 2171 promptu
691 2084 966 2169 manifestumque
982 2104 1056 2147 esse
1069 2081 1234 2150 videmus.

233 2195 401 2283 pondere,
414 2205 573 2282 quantum
587 2198 620 2261 in
636 2219 673 2262 se
689 2206 757 2274 est,
768 2220 837 2262 nou
851 2219 953 2284 posse
968 2197 1105 2283 obliqua
1118 2217 1243 2272 meere,

233 2331 411 2396 exsupero
427 2333 500 2376 cum
514 2313 754 2399 praecipitent,
766 2311 860 2397 quod
874 2333 1010 2376 cernere
1026 2313 1151 2398 possis:

233 2423 294 2488 sed
308 2426 355 2488 nil
369 2426 502 2490 omnino
516 2426 608 2489 nulla
621 2427 756 2511 regione
770 2427 835 2490 visi

161 2554 210 2600 250
234 2536 401 2603 declinare
417 2539 490 2622 quis
506 2540 630 2624 estqui
645 2546 794 2627 praestet
808 2560 945 2603 cernere
960 2539 1057 2603 sese?

274 2651 427 2735 Denique
443 2653 470 2714 si
485 2673 616 2738 semper
630 2660 739 2716 motus
755 2653 940 2716 conectitur
955 2655 1061 2717 omnis

234 2775 268 2830 et
282 2774 396 2830 vetere
413 2773 531 2830 exacto
547 2767 697 2832 exoritur
711 2789 821 2832 novus
837 2766 954 2832 ordine
970 2776 1077 2842 certo,

232 2902 295 2944 nec
311 2878 508 2944 declinando
523 2879 650 2945 faciunt
663 2882 845 2966 primordia
859 2891 969 2946 motus

231 2995 427 3082 principium
444 2995 631 3080 quoddam,
643 2996 735 3082 quod
749 2997 809 3062 foti
822 2996 962 3062 foedere
976 3003 1124 3081 rumpat,

160 3127 208 3174 2⁵5
232 3132 274 3174 ex
287 3109 414 3174 infinito
429 3131 472 3174 ne
487 3131 620 3176 esussm
636 3133 736 3176 causa
750 3120 927 3197 sequatur,

230 3225 335 3288 libers
349 3245 410 3309 per
425 3233 532 3289 terras
546 3225 636 3289 unde
651 3226 735 3290 hoec
750 3227 972 3290 animantibus
986 3217 1114 3296 exstat,

231 3337 320 3402 unde
336 3345 388 3401 est
401 3337 486 3401 haee
496 3387 503 3412 ‚
514 3339 648 3422 inquom
658 3387 665 3414 ‚
677 3339 755 3402 fotis
771 3339 886 3404 evolsa
900 3347 1068 3425 potestas,

231 3473 293 3539 per
307 3471 406 3535 quam
421 3451 653 3536 progredimur
669 3473 736 3536 quo
752 3450 844 3516 ducit
860 3474 1023 3540 quemque
1037 3453 1206 3546 voluntss,

233 3565 435 3629 declinamus
450 3565 528 3629 item
543 3573 652 3629 motus
667 3587 729 3630 nec
745 3575 894 3652 tempore
910 3577 1002 3632 certo

158 3697 208 3745 000
230 3701 292 3743 000
307 3679 442 3764 regione
456 3679 523 3743 loci
538 3687 645 3756 cents,
657 3680 719 3744 sed
733 3681 790 3745 nbi
802 3682 876 3767 ipsa
890 3682 966 3747 tulit
979 3681 1095 3745 mens?

230 3814 307 3858 nsm
323 3792 424 3857 dubio
439 3795 558 3879 procul
572 3795 624 3858 his
639 3796 740 3859 rebus
755 3817 816 3860 sus
831 3798 950 3881 cuique
964 3795 1121 3859 voluntas

230 3908 426 3994 principium
442 3907 502 3973 dat
512 3957 519 3984 ‚
531 3915 565 3974 et
579 3908 657 3974 hinc
671 3917 780 3974 motus
795 3933 856 3996 per
870 3911 1018 3974 membra
1031 3910 1194 3994 rigantur.

231 4111 431 4119 ——u-

231 4226 280 4274 2³3
299 4220 418 4274 Haerent
448 4222 458 4291 Η
489 4227 538 4274 234
557 4231 728 4292 exsuperate.
756 4223 766 4292 Η
794 4228 843 4274 200
861 4227 1006 4291 potuerunt
1032 4219 1042 4288 ΙΙ
1070 4225 1119 4271 207
1138 4235 1168 4270 se
1186 4225 1320 4272 omissum.
1351 4221 1363 4286 ΙΙ

231 4309 280 4356 249
297 4302 370 4356 nulls
387 4311 517 4358 0000000000.
551 4305 561 4372 ΙΙ
599 4311 648 4356 250
666 4305 754 4374 possit
781 4304 791 4372 ΙΙ
818 4304 1169 4372 251m0t111t2522xuoto
1186 4309 1320 4356 mutorum.
1350 4301 1362 4367 ll

231 4392 280 4439 257
299 4386 435 4456 voluptas.
