2990 5202
272 471 343 540 240
800 467 850 536 lv

269 643 361 731 apud
375 642 520 708 Nonium
534 663 567 726 p.
576 639 675 714 453,7
696 641 863 708 Roeterec
876 644 986 728 pacit,
1010 639 1198 726 quadratus
1213 641 1387 728 Propterea

267 745 363 822 radit,
372 739 578 806 Veronensis
590 735 694 802 editio
706 739 834 806 Praeter
844 741 928 804 radit
935 739 1030 818 ,ltali
1042 739 1271 804 etBrixiensis
1282 741 1386 804 Prae·
1478 775 1479 780 ι

268 855 314 907 ter
327 840 411 904 rodit
423 839 503 902 arim
510 884 519 916 ‚
534 834 698 900 Marullus
710 835 839 902 Praeter
848 839 929 902 adm
938 838 1037 902 rodit.
1053 837 1222 922 Propterea
1232 839 1387 922 probant

268 934 501 1003 Wakefieldus
512 943 547 998 et
555 931 736 1019 Forbiger,
750 933 808 1019 qui
819 936 884 1000 sibi
895 941 996 1020 turpe
1005 955 1074 998 non
1084 941 1209 1018 putant
1222 936 1385 1020 ignorare

269 1057 356 1122 quae
370 1032 562 1098 Gronovius
576 1030 715 1116 scripsit
728 1032 763 1096 in
778 1033 1054 1098 observationum
1069 1055 1118 1112 ιιι,
1133 1032 1170 1096 19
1185 1033 1309 1118 ptos.

352 1129 631 1196 532.Scrnrcsr
646 1149 847 1194 nxrnsrrs
869 1151 1030 1206 cuncus
1050 1151 1180 1194 rarus
1200 1151 1384 1194 annisus

270 1252 362 1298 orus
377 1275 384 1291 .
405 1227 458 1292 Ita
472 1224 681 1312 quadratus:
697 1224 867 1312 oblongus
879 1227 1015 1306 reditur,
1030 1225 1140 1290 italici
1153 1227 1312 1292 redditor.
1326 1226 1383 1290 hic

267 1329 357 1396 idem
372 1325 565 1392 Gronovius
584 1316 768 1388 ‘Putarunt
787 1325 921 1412 expletus
941 1347 1014 1389 oros
1038 1323 1122 1390 dici:
1138 1323 1201 1388 scd
1222 1322 1307 1409 quid
1328 1333 1382 1388 est

267 1427 391 1513 captetis
405 1424 468 1488 οηζι
480 1422 607 1486 tamam
621 1419 722 1484 rodii
743 1421 843 1484 immo
865 1442 1007 1486 vacuum
1025 1427 1059 1486 et
1074 1421 1316 1506 spiramentum
1329 1421 1382 1506 ip·

267 1545 341 1589 sum
356 1519 530 1606 expletur,
545 1537 626 1581 orae
642 1525 755 1582 autem
769 1515 968 1582 raduntur.’
987 1519 1102 1604 itaque
1117 1519 1244 1603 probat
1258 1517 1381 1604 daspe-

267 1619 408 1687 rationis
428 1616 564 1702 plcnum
582 1614 719 1679 Marulli
740 1613 921 1692 auxilium,
943 1616 1003 1701 qui
1025 1615 1162 1700 scripsit
1181 1623 1257 1680 toto
1277 1636 1381 1680 versu
1480 1693 1481 1706 χ

268 1718 402 1784 adiecto
418 1713 540 1780 Scilicet
557 1713 681 1798 expletis
700 1734 819 1799 quoque
839 1714 936 1778 ianm
951 1713 1089 1778 redditur
1103 1715 1165 1778 cris
1180 1713 1293 1778 Rauca
1307 1715 1379 1783 niis.

267 1827 295 1882 et
306 1818 364 1879 iter
375 1811 470 1876 laedit
482 1833 544 1897 qua
557 1831 615 1874 coc
628 1811 653 1874 it
665 1811 698 1872 in
713 1833 827 1874 marce.
848 1811 931 1875 satis
946 1817 1021 1874 erat
1034 1830 1102 1875 una
1115 1809 1230 1874 littera
1243 1812 1379 1876 sublata

266 1933 338 1978 rem
352 1905 493 1975 eandem
508 1906 640 1972 efficere
654 1905 722 1970 hoc
735 1905 856 1983 modo,
868 1908 992 1972 Scilicet
1005 1929 1183 1972 sxnnsrr
1198 1931 1319 1996 quoque
1331 1911 1377 1972 ιά-

265 2008 463 2076 corraditur
482 2006 567 2070 oric.
589 2025 629 2068 os
651 2011 764 2068 autem
785 2005 937 2091 repletum
959 2012 1013 2070 eat
1033 2013 1093 2070 aut
1113 2013 1222 2070 totum
1241 2006 1378 2091 plenum

265 2128 350 2174 voce
359 2099 699 2190 eiusqueprimordiis
705 2109 781 2182 ,aut
789 2102 817 2166 si
825 2103 1061 2188 grammaticos
1069 2105 1376 2188 sequimur,exina-
1481 2161 1482 2164 ,

265 2208 392 2272 nitum.
416 2201 534 2268 eadem
549 2199 749 2285 ambiguitas
772 2206 826 2264 est
846 2199 881 2262 in
898 2199 1054 2274 v1‚1203,
1073 2202 1240 2287 Comtptne
1252 2203 1377 2287 satyrae

265 2305 389 2391 capiatis
408 2301 534 2366 cariae
554 2299 639 2362 ibat.
661 2297 818 2361 Donatus
840 2295 885 2361 ad
899 2295 1051 2362 Terentii
1064 2299 1235 2385 Hecyram
1253 2321 1285 2373 v,
1299 2301 1326 2374 l,
1336 2299 1376 2362 29

266 2403 402 2488 Ecplere
409 2421 472 2484 pro
487 2397 646 2462 reinardi-c
665 2395 878 2458 Terentianum
898 2405 963 2458 est.
987 2416 1031 2460 ex
1046 2395 1156 2482 Capro
1172 2395 1313 2461 Servius
1332 2397 1376 2461 ad

264 2503 346 2565 Aen.
362 2519 406 2572 vr,
418 2495 478 2558 545
495 2501 529 2557 et
543 2493 673 2557 Nonius
688 2513 720 2576 p.
730 2491 801 2568 298,
815 2493 850 2556 ll
869 2491 1027 2578 Eoplcrc,
1048 2495 1206 2559 micam.
1228 2495 1375 2560 Serenus

265 2593 463 2662 Samonious
485 2599 598 2654 tamen
619 2587 664 2652 ad
677 2587 871 2654 Lucretium
884 2590 1069 2675 respiciens
1077 2593 1206 2677 plenam
1219 2613 1305 2658 voce
1319 2596 1375 2658 iter

263 2693 335 2756 radi
350 2688 452 2766 dixit,
466 2687 528 2751 260
543 2689 728 2771 Aepreecaat
740 2697 859 2750 caerae
865 2687 978 2773 scucce
997 2731 1083 2744 —
1104 2690 1159 2754 Vel
1169 2691 1296 2755 rubidru
1310 2693 1359 2756 cto

263 2787 442 2876 morsrccto
456 2807 525 2850 mim
536 2784 622 2872 sorte
639 2805 747 2847 amore
762 2783 890 2850 Plenam
909 2787 993 2851 radit
1012 2789 1095 2852 iter:
1116 2795 1207 2854 certe
1222 2790 1373 2869 Phanai,

264 2882 418 2973 quodibi
431 2881 533 2969 vulgo
548 2882 690 2968 legn‘tur,
705 2901 775 2944 non
787 2881 964 2970 intellego.

346 2979 475 3046 552.nr
496 3003 590 3046 rrnu
610 2999 705 3042 nsvo
727 3001 895 3045 snrroan
918 3003 1110 3046 casarea.
1125 2981 1290 3048 Marullus
1304 3007 1371 3049 nn·

263 3103 369 3147 voss
385 3127 393 3143 .
415 3078 477 3144 sed
491 3077 673 3144 Lambinus
687 3078 816 3161 primus
838 3086 873 3143 et
892 3100 1023 3143 navos
1043 3078 1223 3166 legendum
1236 3080 1323 3146 vidit
1338 3091 1370 3146 et

261 3179 326 3246 hos
340 3199 459 3245 versus
473 3199 536 3241 suo
550 3176 627 3242 loco
642 3176 774 3260 posuit,
786 3173 829 3240 de
839 3183 1003 3261 utroque,
1013 3184 1053 3241 ut
1064 3177 1162 3252 dicit,
1175 3200 1195 3242 a
1208 3179 1370 3244 librorum

260 3285 359 3362 parte
378 3275 572 3340 admonitus
588 3297 595 3350 3
619 3274 676 3358 qui
692 3272 808 3358 quales
822 3271 948 3338 suerint
961 3275 1154 3361 ignoramus
1169 3325 1176 3340 .
1191 3275 1369 3342 Wakefiel-

151 3413 159 3426 ,
262 3377 326 3440 dus
341 3396 378 3438 ra
392 3393 462 3438 uon
476 3391 646 3456 perpensa
659 3379 807 3435 veterem
822 3393 979 3436 versuum
995 3372 1146 3438 ordinem
1160 3375 1328 3439 restituit.

343 3469 414 3534 543.
426 3489 605 3533 osavrrn
617 3489 638 3530 a
652 3489 725 3532 sus
741 3490 935 3535 nunnoni
950 3493 1092 3535 uuorr.
1109 3471 1306 3551 Quadratus
1319 3497 1368 3537 su·

258 3591 438 3632 mamma.
453 3564 636 3631 Brixiensis
652 3563 756 3629 editio
771 3573 806 3630 et
820 3566 985 3632 Marullus
999 3569 1054 3632 aab
1068 3591 1091 3632 u
1100 3590 1275 3633 annuas.
1346 3607 1351 3616 ·

342 3665 412 3728 544.
434 3661 491 3728 Er
513 3683 703 3726 anvonnr
725 3684 887 3730 aaucuu
909 3687 1037 3730 annno
1060 3687 1156 3730 cira
1177 3689 1367 3732 sansana

259 3783 365 3827 sous
374 3783 425 3828 uu
440 3810 447 3826 .
469 3760 546 3825 Itali
560 3767 595 3824 et
609 3759 793 3826 Brixiensis
815 3761 920 3828 aditio
940 3775 1081 3844 revocat,
1096 3763 1305 3830 Veronensis
1318 3789 1367 3830 re·

256 3882 343 3925 cerac
357 3886 368 3925 :
388 3859 451 3924 sed
472 3865 646 3924 corrector
661 3859 820 3944 quadrati
832 3861 881 3925 cel
891 3861 1017 3944 reboat,
1040 3860 1133 3946 quod
1147 3883 1249 3926 unum
1263 3863 1368 3928 habet

257 3957 400 4041 aliquam
420 3956 670 4042 probabilitatis
690 3959 857 4044 speciem,
879 3959 944 4023 nisi
966 3958 1059 4045 quod
1079 3960 1150 4025 tuba
1170 3981 1241 4024 non
1261 3962 1367 4047 magis

256 4051 391 4118 videtur
417 4056 544 4118 reboare
571 4076 675 4140 posse
704 4077 804 4141 quam
831 4055 951 4122 cithara
976 4057 1013 4120 in
1040 4057 1126 4122 libro
1149 4081 1183 4134 11,
1198 4057 1263 4122 28.
1284 4060 1367 4124 tuba

256 4157 368 4214 autem
381 4151 516 4216 barbaro
529 4161 623 4216 recte
638 4152 781 4233 dicitur,
797 4153 925 4218 scilicet
940 4153 1059 4218 κώΔωΝ
1071 4154 1264 4240 Τγρειικική,
1279 4157 1367 4220 utin

256 4247 363 4312 altero
387 4248 537 4313 membro
555 4256 635 4312 sunt
649 4249 806 4315 Heliconis
825 4252 946 4337 cycni.
968 4273 1073 4336 porro
1096 4254 1170 4318 cieri
1192 4253 1363 4339 quomodo

254 4347 338 4412 tuba
351 4345 462 4432 possit
475 4367 573 4410 nemo
589 4345 732 4424 dixerit,
746 4347 870 4414 nedum
885 4361 966 4416 retro
981 4399 988 4414 .
1009 4350 1147 4416 Isaacus
1161 4349 1306 4417 Vossius
1321 4351 1366 4416 ad

255 4439 421 4508 Catullum
435 4465 468 4529 p.
478 4442 540 4509 228
556 4445 739 4532 Berecyntia
754 4447 911 4529 barbara,
935 4469 1036 4534 quam
1059 4448 1141 4515 dicit
1164 4470 1240 4514 asse
1262 4451 1364 4516 tibicen
