2990 5202
266 462 337 532 204
799 459 846 530 111

265 657 390 702 nomam
404 639 644 700 uelamentum
653 633 823 700 Fuldense
838 655 859 698 a
872 655 926 699 me
941 633 1083 710 editum,
1095 632 1230 722 digesta
1239 635 1383 702 Floren-

265 735 338 800 tina
352 783 359 799 .
372 735 489 819 itaque
503 735 517 798 l
529 732 672 818 simplici
686 735 883 800 scribuntur
897 733 932 797 in
948 733 1070 818 quibus
1084 758 1102 797 e
1115 733 1263 798 litteram
1278 733 1383 820 longa

267 832 400 920 syllaba
413 830 591 917 praecedit
604 877 613 908 ,
626 839 666 896 ut
680 832 832 897 actodela
847 831 984 896 clientela
997 832 1126 896 saadela
1140 832 1271 896 medela
1283 833 1382 896 calda

145 924 151 936 '
267 931 386 996 cautla
406 931 497 995 tutela
518 929 691 1015 comtptela
710 929 887 994 mandatela
907 927 1030 1014 (Gaius
1044 928 1169 1003 11‚104‚
1184 928 1381 994 Priscianus
1493 982 1494 1019 3

267 1026 386 1114 peta)
409 1029 527 1092 acetala
549 1026 759 1112 (Priscianus
780 1026 949 1112 ibidem).
970 1029 984 1092 l
995 1027 1184 1114 geminatur
1198 1027 1256 1093 ubi
1271 1027 1382 1112 prima
1493 1032 1494 1035 ’

266 1127 381 1192 brevis
392 1133 461 1191 est:
474 1125 927 1212 eaqueatertiaaesimplici
938 1124 1049 1189 forma
1059 1123 1214 1190 fecerunt
1224 1133 1380 1198 veteres,
1493 1160 1494 1167 κ

265 1233 305 1289 ut
318 1225 481 1311 lopiallam
494 1225 663 1312 querellam
675 1225 865 1312 seqeeellam5
884 1243 965 1310 ergo
980 1223 1105 1288 luellam
1119 1271 1127 1303 ,
1149 1245 1248 1309 quem
1262 1222 1380 1288 admo·
1493 1246 1494 1257 ²

267 1321 346 1387 dum
353 1323 477 1410 flagella
490 1323 578 1386 bene
592 1323 755 1408 scriptum
770 1330 823 1385 est
837 1318 930 1406 apud
940 1320 1149 1386 Priscianum
1160 1343 1192 1406 p.
1201 1321 1260 1386 601
1272 1369 1282 1396 ,
1293 1322 1379 1386 male

266 1421 428 1508 maffapela
449 1419 541 1506 apud
563 1418 704 1484 Paulum
726 1417 906 1484 diaconum
927 1417 1009 1503 p.3l
1031 1418 1278 1494 Lindemanni,
1299 1421 1379 1484 item

265 1519 354 1584 male
366 1518 526 1605 obeaqada
540 1539 572 1603 p.
584 1515 642 1580 114
658 1563 666 1592 ,
681 1516 851 1604 obsequella
865 1527 959 1584 recte
973 1517 1009 1580 ia
1022 1517 1177 1582 Asinaria
1191 1517 1304 1582 Plauti
1319 1541 1342 1594 1,
1355 1520 1379 1593 l,

267 1617 307 1682 50
328 1664 336 1680 .
359 1637 380 1679 a
400 1613 551 1680 secunda
570 1635 668 1679 nemo
691 1619 770 1678 ante
786 1615 929 1679 Gellium
948 1601 1108 1680 medelldm
1129 1616 1197 1701 (sic
1211 1625 1306 1682 recte
1322 1639 1380 1680 co-

267 1715 335 1780 dex
348 1713 488 1778 Minucii
502 1711 639 1788 Felicis,
651 1721 690 1777 ut
703 1721 851 1779 testatur
861 1713 1117 1781 Hildebrandus
1132 1713 1177 1779 ad
1190 1715 1378 1780 Araobium

128 1871 135 1882 ,
267 1834 299 1897 p.
309 1811 394 1888 633,
415 1813 496 1878 item
517 1813 566 1876 sic
587 1809 718 1876 scholia
738 1811 921 1878 Bobiensia
942 1812 988 1877 ad
1010 1811 1182 1878 Ciceronis
1204 1813 1379 1878 orationes

267 1933 300 1996 p.
310 1909 413 1986 251ss
428 1907 580 1996 Orelli),
595 1910 712 1996 itaque
726 1911 904 1990 acaedam,
914 1920 998 1996 puto
1008 1957 1016 1986 ‚
1027 1931 1097 1974 non
1110 1912 1280 1992 monebam,
1293 1911 1379 1976 Ter-

266 2009 448 2086 tullianus,
468 2009 604 2098 attollam
620 2009 812 2094 altararpoa
827 2017 920 2073 recte
934 2008 1134 2096 glossarium
1151 2057 1159 2084 ‚
1183 2029 1271 2095 quae
1285 2013 1381 2076 aaa

266 2109 359 2194 apud
372 2108 613 2174 Terentianum
627 2106 785 2172 Maurum
799 2107 861 2172 316
877 2116 911 2171 et
923 2107 1074 2173 Solinum
1085 2154 1092 2170 .
1104 2127 1175 2171 non
1187 2108 1329 2172 veniunt
1344 2109 1379 2172 in

264 2207 356 2272 hunc
371 2229 507 2272 censum
522 2206 667 2272 tarbellae
674 2253 683 2286 ‚
696 2204 790 2291 quod
804 2205 885 2270 mihi
901 2204 1143 2270 deminutivum
1155 2205 1309 2282 videtur,
1319 2227 1379 2272 ne·

266 2328 332 2392 que
347 2306 415 2370 ulla
430 2327 533 2371 causa
548 2312 601 2370 est
615 2326 675 2369 cur
686 2329 702 2368 e
714 2303 939 2391 producatur.
950 2311 1030 2370 sunt
1043 2313 1156 2369 tamen
1170 2301 1380 2370 deminutiva

266 2404 434 2490 quaedam
448 2403 558 2468 vocali
571 2402 764 2488 producta,
786 2402 850 2468 sed
871 2423 911 2466 ea
932 2409 1129 2480 contracta3
1152 2403 1267 2487 qualia
1281 2413 1379 2479 sunt,

266 2503 348 2566 eliso
370 2502 425 2566 vel
447 2513 463 2565 c'
483 2501 539 2564 vel
558 2525 580 2563 a
601 2499 656 2564 vel
676 2525 695 2563 r
721 2502 818 2585 (nam
839 2525 862 2564 a
883 2503 1007 2566 omisso
1031 2521 1101 2566 non
1123 2499 1319 2587 duplicatur
1338 2502 1378 2565 li-

267 2599 387 2685 quida)
399 2645 407 2674 ‚
416 2600 545 2684 paollea
555 2645 563 2678 ,
574 2599 649 2661 oilla
659 2645 667 2676 ‚
679 2601 809 2664 vasella
830 2598 1084 2685 (grammaticus
1100 2599 1379 2666 Vindobonensis

265 2720 298 2782 p.
311 2696 405 2781 106);
425 2695 558 2776 corolla,
571 2697 698 2776 catalla,
706 2697 861 2782 pistrilla,
874 2699 995 2763 catillm
1002 2746 1012 2779 ,
1023 2699 1158 2762 salillum
1167 2745 1177 2777 ,
1186 2698 1313 2777 murem,
1327 2700 1378 2763 ul-

266 2798 313 2860 las
320 2843 329 2875 ,
340 2795 442 2858 atellae
455 2793 513 2878 (ad
527 2815 669 2879 quorum
686 2793 873 2878 exemplum
883 2795 1075 2862 formarunt
1084 2798 1205 2882 elam),
1218 2797 1377 2878 Messalla,

266 2893 427 2978 Hispallus
442 2917 455 2974 ‚-
473 2893 574 2974 stilla‚
589 2893 672 2956 ralla
684 2894 789 2958 amica
803 2941 813 2973 ,
833 2893 914 2958 item
929 2895 1020 2960 Sulla
1034 2902 1073 2958 ut
1087 2893 1290 2980 quibusdam
1304 2895 1378 2980 pla·

266 3000 340 3064 eet,
356 2991 417 3056 olla
435 2992 562 3056 rectius
584 3011 684 3076 quam
701 2993 779 3062 *aula
801 2991 886 3076 (nisi
900 2992 994 3076 quod
1008 2991 1127 3061 ecdem
1142 3013 1258 3059 errore
1273 2993 1376 3080 vulgo

265 3091 425 3158 dicebant
436 3091 605 3168 Messalam
615 3097 651 3154 et
659 3091 792 3175 paulum
802 3091 813 3174 )
822 3137 830 3166 ,
840 3089 908 3156 hoc
920 3099 973 3156 est
985 3113 1094 3176 parva
1107 3091 1197 3157 loric
1207 3092 1279 3156 sive
1289 3094 1359 3158 oria
1367 3141 1376 3173 ‚

263 3190 368 3266 calos
381 3238 388 3263 ,
400 3191 444 3256 ab
459 3187 668 3254 hauriendo.
682 3208 725 3251 ex
739 3187 859 3252 eodem
871 3187 1151 3253 deminutivorum
1165 3210 1306 3254 numero
1323 3197 1376 3254 est

149 3359 158 3368 ,
201 3285 205 3292 ’
262 3289 366 3352 citello
386 3286 454 3370 (ita
469 3295 564 3350 recte
577 3287 613 3348 in
626 3284 783 3349 Martiale
798 3285 875 3360 v‚37
891 3285 1187 3371 Schneidewinus)
1207 3289 1375 3378 etsta-ella,

263 3406 331 3470 quo
346 3383 539 3448 iuvenalem
551 3389 636 3467 puto
651 3404 749 3447 usum
763 3403 838 3448 esse
851 3384 886 3448 in
900 3385 1007 3450 satira
1019 3407 1088 3462 mv,
1097 3385 1134 3452 9:
1144 3406 1222 3450 nam
1233 3386 1377 3472 Meryere

253 3483 407 3572 ficedulas
421 3501 491 3544 non
504 3481 617 3566 potuit
631 3481 780 3546 scribere
796 3531 803 3544 .
817 3485 985 3548 madidam
997 3485 1032 3548 in
1045 3484 1202 3550 Sestiana
1216 3483 1324 3564 Tullii!
1334 3484 1375 3548 72

262 3585 453 3665 agnoscunt
466 3599 535 3642 uon
549 3577 653 3642 modo
668 3579 804 3644 codices
816 3629 825 3662 ‚
844 3580 906 3646 sed
921 3580 1051 3646 scholia
1063 3582 1247 3649 Bobiensia
1259 3605 1292 3667 p.
1303 3581 1375 3656 303,

265 3677 300 3741 11
320 3677 358 3740 16
374 3673 431 3740 Or.
448 3685 482 3740 et
496 3675 687 3741 Priscianus
700 3679 804 3762 p.613
822 3726 829 3742 .
853 3679 943 3744 idem
957 3681 1159 3746 vocabulum
1172 3679 1321 3746 Horatio
1340 3683 1375 3744 in

262 3775 482 3863 epistularum
497 3774 805 3852 1‚7‚29a130neleio
820 3780 1016 3844 restitutum
1031 3781 1171 3865 quinon
1186 3780 1376 3865 accipiunt,

260 3875 425 3938 rationem
440 3881 475 3938 et
488 3895 614 3960 genera
627 3875 826 3942 fabellarum
841 3879 1017 3965 ignorant.
1037 3878 1146 3944 Servii
1159 3878 1377 3964 neglegentia

200 4043 205 4054 ¹
261 3979 329 4047 est,
341 3993 416 4035 cum
432 3971 585 4038 Ciceroni
600 3974 765 4041 adscribit
778 3978 903 4042 nitelam
917 3977 962 4042 ad
976 3979 1161 4065 georgicon
1174 3977 1265 4052 1,181
1278 4001 1287 4054 ς
1300 3977 1376 4041 Hil-

259 4069 425 4134 debrandi
439 4070 517 4155 plus
533 4093 633 4157 quam
647 4075 876 4162 neglegentia,
888 4077 946 4161 qui
958 4074 1003 4139 ad
1014 4076 1197 4140 Arnobium
1209 4096 1242 4158 p.
1256 4075 1315 4140 197
1327 4078 1376 4140 ai·

257 4169 390 4232 tedulam
404 4167 525 4232 Latine
540 4169 606 4236 dioi
620 4179 740 4259 neget,
757 4193 775 4238 e
791 4172 908 4238 codice
919 4175 1060 4239 Arnobii
1073 4174 1109 4238 in
1124 4195 1149 4236 11
1163 4194 1197 4259 p.
1207 4173 1247 4237 75
1261 4175 1374 4238 nitela-

257 4267 320 4332 lam
335 4266 477 4352 recipiat
491 4313 499 4344 ‚
518 4290 714 4356 muremque
728 4278 897 4356 agrestem
911 4273 960 4337 ita
972 4294 1043 4337 non
1054 4293 1074 4336 a
1084 4271 1211 4356 pedum
1221 4271 1299 4336 nisu
1311 4271 1376 4337 sed

256 4386 276 4428 a
290 4367 404 4430 nitore
419 4365 546 4431 dietum
561 4369 718 4453 opinetur
728 4419 734 4432 .
746 4369 859 4452 potuit
870 4377 984 4436 tamen
995 4392 1070 4436 esse
1082 4370 1195 4455 aliqua
1207 4371 1279 4435 eius
1291 4392 1374 4435 con·

256 4466 409 4529 sonantis
424 4513 432 4540 ‚
449 4487 535 4550 quae
551 4473 605 4530 est
619 4474 698 4531 ante
714 4464 974 4536 deminutionem
987 4519 994 4546 ‚
1008 4467 1234 4534 mutabilitas:
1245 4489 1325 4533 nam
1338 4469 1373 4532 in
