2990 5182
295 463 364 530 408
820 459 870 527 Vl

292 643 421 716 tamen,
437 658 510 700 cum
526 641 660 700 veteres
675 633 756 698 talia
772 655 840 698 non
854 643 923 699 tam
940 636 1148 719 quaesivisse
1163 657 1258 720 qnam
1272 635 1373 700 viteam

293 733 612 807 animadverterem,
634 753 714 796 mox
734 732 924 797 iudicabam
945 733 1017 798 veri
1037 733 1176 797 similius
1191 740 1261 798 ess'e
1274 733 1374 798 Lucre-

294 831 374 894 tium
386 832 434 894 ita
445 833 637 916 scripsisse,
651 831 774 918 Effluet
786 833 955 896 ambrosiam
968 833 1059 920 quasi
1072 855 1140 896 cere
1152 843 1180 895 et
1191 833 1304 897 nectari
1317 833 1375 896 lim·

292 940 357 992 eus.
380 949 455 992 nam
471 929 600 994 Nikius
615 929 660 994 ad
677 930 776 994 Diras
792 955 822 1017 p.
832 929 894 994 238
915 951 975 994 cur
992 930 1159 994 Catullum
1174 932 1313 995 ambrosio
1323 931 1374 1014 p1i-

215 1059 218 1066 ·
291 1047 381 1090 mum
404 1026 517 1091 dicere
540 1049 657 1092 ausum
679 1049 754 1092 esse
776 1029 1008 1112 suspicaretur
1028 1049 1097 1090 non
1125 1027 1296 1103 videbam,
1319 1047 1374 1090 cum

292 1125 491 1208 praesertim
511 1147 553 1188 ne
570 1125 695 1190 dixisse
712 1125 848 1211 quidem
862 1125 899 1190 id
914 1124 1081 1190 Catullum
1096 1125 1308 1190 concederem
1319 1146 1373 1188 car·

292 1223 380 1286 mine
395 1223 444 1298 99,
456 1225 512 1287 13.
535 1223 673 1288 tandem
694 1245 776 1288 vero
800 1224 950 1288 intellexi
973 1223 1052 1288 huic
1067 1229 1190 1315 poetae
1204 1243 1268 1286 non
1282 1235 1338 1286 tam
1349 1221 1374 1284 il

293 1321 386 1404 quod
416 1320 700 1406 elegantissimum
729 1329 841 1395 esset,
871 1341 972 1406 quam
994 1321 1087 1405 quod
1111 1319 1373 1406 simplicissimum.

293 1419 491 1481 convenire:
513 1417 548 1482 id
565 1427 618 1482 est
632 1425 744 1482 autem
760 1419 883 1510 Effluet
895 1441 974 1484 nun
985 1441 1134 1483 nosram
1150 1431 1178 1484 et
1190 1421 1303 1484 nectari
1316 1421 1372 1482 liu-

273 1519 355 1594 'tue,
372 1516 468 1600 eique
484 1517 648 1581 simillima
663 1525 715 1582 est
731 1517 890 1603 Cyclopis
905 1517 1077 1582 Homerici
1092 1539 1180 1593 vox,
1196 1539 1287 1603 quam
1300 1516 1373 1580 abu-

294 1615 398 1677 oretio
415 1635 610 1700 expressam
626 1637 701 1680 esse
715 1635 814 1680 nemo
830 1614 988 1681 dubitare
1002 1623 1136 1701 potest,
1155 1614 1247 1678 ’Atti
1261 1615 1316 1678 rdl'
1331 1613 1374 1674 iu·

299 1714 420 1795 Bpocluc
444 1716 489 1776 ael
513 1715 663 1798 uiarapbc
687 1713 771 1789 icrtu
794 1713 962 1798 iuoppdaz:
984 1712 1154 1799 iuoppmra
1176 1715 1257 1778 enim
1272 1720 1375 1777 veteres

240 1891 243 1898 Ι
294 1810 563 1895 interpretantur
578 1811 737 1896 ‹inoppotiu
751 1862 756 1884 ‚
772 1811 945 1902 ‹afflunioua
968 1812 1011 1876 do
1026 1837 1047 1876 a
1062 1811 1232 1898 producto
1246 1818 1339 1874 autem
1350 1809 1374 1869 in

293 1909 482 1973 nominibus
498 1909 638 1973 Graecis
653 1911 970 1974 commemoratione
987 1909 1127 1995 dignum
1150 1917 1203 1974 est
1223 1931 1262 1972 ex
1282 1929 1315 1970 eo
1332 1925 1373 1990 ge·

291 2025 372 2071 nere
387 2007 469 2072 nihil
483 2008 630 2083 habere,
647 2018 809 2092 quantum
826 2007 961 2091 quidem
977 2009 1126 2072 sciamus
1135 2057 1144 2088 ,
1158 2007 1310 2078 Ennium,
1323 2013 1373 2066 tra·

291 2105 402 2188 gicos,
418 2103 626 2180 Terentium,
645 2106 825 2179 Lucilium,
841 2105 1048 2181 Varronem,
1063 2106 1270 2179 Lucretium,
1284 2099 1372 2167 Catul-

291 2203 376 2278 lum,
392 2203 590 2268 Horatium.
613 2225 682 2288 quo
703 2204 741 2268 lit
763 2211 801 2267 ut
823 2223 931 2290 propo
953 2211 1066 2289 putem
1086 2205 1122 2269 in
1136 2204 1211 2278 bis,
1231 2210 1267 2268 ut
1279 2199 1373 2265 inaliis

293 2299 453 2378 Graecis,
476 2301 519 2366 dc
535 2303 657 2386 quibus
669 2303 781 2367 Varro
796 2303 829 2366 in
845 2325 868 2365 x
883 2302 926 2365 de
942 2302 1056 2388 lingua
1069 2303 1193 2366 Latina
1207 2301 1300 2387 paea
1316 2297 1373 2362 584.

292 2421 360 2462 non
376 2400 522 2485 eandem
532 2421 647 2464 omnes
663 2398 941 2464 consuetudinem
956 2408 1092 2464 secutos
1109 2421 1203 2466 esse.
1223 2419 1282 2462 nec
1295 2395 1373 2459 debe·

292 2499 369 2562 bam
385 2498 558 2572 omittere,
575 2518 673 2581 quem
686 2496 867 2562 admodum
879 2497 1056 2562 heroidum
1070 2498 1282 2592 epistularum
1292 2493 1373 2576 scrip·

292 2602 347 2658 tor
360 2596 479 2659 Aethra
494 2597 583 2658 Ledo
597 2595 707 2658 vocali
723 2602 882 2679 correpta
897 2595 1002 2670 dixit,
1026 2595 1195 2662 Catullum
1215 2609 1334 2682 quoque
1348 2591 1372 2653 in

292 2692 469 2777 galliambo
485 2692 662 2776 scripsisse
682 2693 865 2776 Trepidoate
880 2716 948 2756 eom
962 2696 1075 2780 recepit
1088 2695 1147 2759 deo
1163 2694 1297 2759 Pasithea
1308 2693 1372 2754 aaa.

291 2788 353 2853 sed
371 2789 527 2876 Pyrrhia,
543 2789 636 2874 quod
651 2788 815 2853 Horatius
830 2788 935 2854 habet
949 2790 1016 2855 hoc
1031 2813 1153 2868 versu,
1174 2793 1211 2856 ot
1223 2788 1372 2872 oiumaplo

290 2911 357 2951 ram
369 2888 509 2974 suranae
528 2887 664 2974 I'prrlrio
686 2889 794 2962 lance,
816 2909 926 2973 neque
943 2887 1093 2954 Graecae
1107 2913 1218 2976 neque
1233 2890 1372 2954 Romarm

291 2986 433 3050 feminae
447 3007 569 3050 nomen
585 2995 654 3060 est,
670 3007 731 3050 nec
744 2993 859 3072 potest
871 2985 1021 3051 dubitari
1033 2989 1112 3073 quin
1128 2988 1210 3052 illud
1225 3009 1244 3051 a
1257 2981 1372 3050 librariis

290 3085 338 3150 ita
353 3093 550 3168 corruptum
565 3085 627 3149 sit.

373 3182 539 3262 972.an
554 3205 671 3246 arura
688 3205 760 3248 nsr
777 3205 928 3247 ιιοιιιιιι
945 3205 1052 3260 ouon
1068 3205 1222 3250 ,ιιιιιιιιιι
1236 3197 1370 3246 renunt

290 3305 337 3346 ac
361 3303 534 3344 exscrr.
557 3281 610 3344 lta
625 3283 847 3368 prima-manu
862 3282 1028 3367 oblongus
1044 3295 1143 3348 eareat
1152 3333 1161 3364 ,
1176 3305 1197 3348 a
1211 3285 1371 3346 correctore

290 3391 405 3442 exstet.-
427 3379 615 3463 quadratus
638 3390 714 3442 calet
728 3429 734 3442 .
763 3381 845 3466 qood
871 3402 1050 3445 nunnius
1078 3401 1289 3446 rnounanr
1313 3373 1369 3436 olim

290 3477 385 3540 Itali:
408 3477 489 3551 sed,
512 3477 605 3562 quod
619 3477 794 3562 indignor,
814 3479 883 3558 Quo
897 3501 995 3544 ason
1010 3499 1107 3543 nemo
1123 3477 1325 3544 scribendum
1335 3470 1369 3532 vi·

290 3575 355 3645 dit,
367 3575 439 3637 sine
448 3595 515 3658 quo
525 3575 740 3658 lepidissimis
749 3574 923 3640 versiculis
933 3597 994 3640 sua
1003 3577 1171 3662 elegantia
1179 3597 1245 3640 non
1254 3573 1368 3637 constat.
1389 3577 1393 3584 '

373 3671 442 3735 973.
465 3671 652 3748 Dnuroua
676 3695 940 3736 unaucruuu.
964 3667 1368 3738 Brixicnsiseditiooama·

291 3795 375 3851 cura,
391 3770 556 3834 Marullus
571 3791 861 3835 nunancruuu.
945 3793 951 3804 ·

373 3869 875 3942 977.Sruacrr1ES‚nnnuu
890 3891 1017 3934 sunus
1033 3891 1129 3934 unse
1147 3881 1367 3934 crvuunlvl·

290 3989 444 4030 cerua.
469 3967 665 4046 Quadratus
686 3968 760 4032 llaec
781 3971 919 4032 irruendo.
948 3967 1040 4052 apud
1062 3967 1207 4032 Nonium
1226 3989 1256 4052 p.
1270 3955 1365 4032 394,21

290 4065 454 4148 spurcitiis
466 4067 547 4128 idem
560 4067 614 4128 sub
629 4067 764 4129 latrando
777 4067 908 4129 videtete.
924 4074 1016 4130 recte
1023 4065 1189 4130 Marullus
1202 4076 1367 4130 rccuset·

289 4165 405 4246 itaque
419 4161 586 4226 Antonius
605 4163 704 4227 Marii
727 4163 876 4226 iacienda.
900 4185 976 4226 cum
994 4183 1134 4228 caenum
1155 4163 1249 4228 nobis
1269 4163 1367 4222 taetu-

290 4262 371 4325 rima
387 4259 431 4323 sit
446 4261 643 4344 spurcities,
659 4263 764 4326 subus
781 4261 897 4326 eadem
912 4261 997 4326 haec
1012 4265 1107 4326 caeni
1118 4260 1286 4348 spurcities
1295 4249 1367 4315 vide*

289 4369 344 4423 tur
359 4355 506 4422 iucunda
518 4380 610 4423 esse.
625 4359 717 4422 nulla
728 4379 831 4423 causa
842 4367 916 4422 erat
927 4381 987 4424 cur
999 4359 1083 4424 baec
1094 4359 1268 4424 Lambinus
1278 4364 1367 4435 repre·

290 4456 471 4529 lrcnderet‚
486 4457 551 4521 nisi
567 4456 659 4542 quod
676 4456 829 4524 Gifanius
844 4455 900 4522 hio
916 4456 1098 4544 aliquando
1114 4477 1225 4524 verum
1239 4449 1367 4516 vidisset·
