2972 5188
309 511 380 580 282
844 509 878 576 V

395 683 605 757 133.ssous
620 704 744 748 srvis
764 705 1037 748 assensurus
1057 707 1237 750 sonorus
1257 661 1388 749 nssiln

309 807 358 857 m,
367 781 428 846 789
442 805 538 868 oeque
553 805 573 845 a
588 803 709 844 ssovr
719 803 752 846 s.
767 782 814 846 ibi
829 781 1030 846 adnotatum
1045 791 1099 848 est
1113 783 1321 848 scribendum
1334 805 1388 847 esse

309 901 536 944 concissa.
591 941 595 950 ,

396 977 464 1042 134.
486 974 601 1054 Quon
630 999 665 1042 si
692 998 842 1042 eosssr
864 999 982 1042 curu.
1011 977 1090 1043 Dixi
1110 979 1237 1046 ibidem
1257 979 1314 1044 790
1331 977 1389 1040 mibi

310 1071 525 1140 scribendum
540 1073 648 1140 videri
664 1074 770 1154 Quin
786 1078 831 1139 si.

395 1171 683 1238 142.Purnrsus
705 1197 747 1236 ru
770 1195 946 1238 oceanis
967 1196 1183 1240 rannerus
1204 1197 1281 1240 sur
1301 1193 1388 1238 soors

309 1294 417 1340 rosi.
433 1270 509 1336 Itali
524 1293 670 1336 essars
686 1269 793 1356 (quod
801 1271 980 1336 Lucretius
993 1270 1130 1337 dicebat
1141 1275 1285 1357 plceleis)
1299 1279 1329 1336 et
1339 1269 1389 1332 solis

309 1393 351 1434 ιιι
363 1391 446 1454 epm.

394 1466 461 1532 152.
483 1488 589 1543 ouon
619 1489 655 1530 si
682 1487 806 1530 rauci
836 1489 917 1534 nou
940 1489 1061 1532 sicr-:r
1089 1490 1233 1532 iesum.
1255 1463 1388 1531 Murus

308 1587 412 1642 ouon
436 1567 537 1650 accpi.
552 1565 718 1629 Aventius
740 1563 1015 1658 ethkefielrlus
1036 1567 1063 1630 si
1083 1568 1187 1650 tmspi,
1209 1567 1282 1630 sine
1297 1583 1387 1628 seusu.

306 1663 371 1728 nisi
385 1662 554 1728 scribatur
568 1666 682 1748 ipsam.

394 1761 624 1826 libremus
646 1785 693 1826 nr
710 1783 893 1826 coarcat:
907 1761 1387 1828 'sorumHsecsensucarent

306 1859 486 1925 Lambinus
496 1881 558 1945 pro
572 1883 699 1945 empore
714 1883 836 1924 eoram.
859 1859 922 1924 sed
943 1861 1053 1924 oratio
1073 1861 1122 1924 ita
1143 1881 1280 1946 quoque
1293 1857 1387 1921 scabra

307 1965 377 2022 estc
392 1965 483 2022 certe
499 1953 632 2022 suavius
644 1955 734 2022 foret
744 1959 893 2042 lercipro
904 1981 1046 2043 corpore.
1060 1959 1176 2044 itaque
1192 1959 1337 2044 suspicor
1347 1951 1386 2016 hic

306 2056 442 2144 gravius
453 2056 569 2120 vitium
580 2057 720 2121 subesse
731 2103 738 2130 ,
750 2061 887 2140 politam
897 2064 1009 2120 autem
1019 2057 1199 2142 scripsisse
1214 2053 1386 2138 ριιαηιῆαιι

305 2156 388 2220 sedes
409 2177 526 2241 qaoque
547 2157 655 2220 nostris
668 2155 788 2219 sediblu
802 2178 862 2220 esse
877 2155 1053 2220 Dissimiles
1071 2157 1176 2220 debera
1185 2205 1195 2234 ,
1219 2168 1344 2221 moesi
1360 2169 1385 2210 sl

306 2253 657 2318 conru'nsonun.

392 2352 779 2417 158.Annrunssrns
803 2373 903 2416 orus
925 2349 1385 2416 mvomfluenonatusrs-

304 2451 405 2537 picit,
429 2471 503 2515 cum
518 2449 602 2514 dicit
615 2449 660 2513 ad
674 2449 913 2514 Phormionem
929 2472 950 2524 ι,
959 2450 988 2523 4,
997 2449 1057 2523 26,
1079 2449 1137 2514 ubi
1160 2457 1217 2514 est
1231 2445 1384 2532 adcipilsru

303 2551 357 2613 Ad
369 2549 429 2610 vim
444 2549 595 2611 aracleam
607 2569 688 2610 nanc
702 2547 807 2620 lohel,
822 2559 857 2612 al
869 2548 1064 2613 adlaudabile
1072 2597 1082 2627 ,
1104 2548 1303 2612 admrobile·
1320 2559 1385 2626 qual

305 2653 384 2710 sunt
399 2653 479 2707 ants
493 2643 578 2706 hoec
592 2645 717 2719 verba,
733 2665 772 2708 ea
786 2644 892 2709 habet
905 2645 1103 2711 Lactantius
1117 2647 1195 2710 inst.
1210 2643 1301 2718 v11,3,
1312 2641 1355 2704 13.
1403 2649 1405 2656 ‘

391 2739 457 2806 165.
479 2739 537 2804 Ds
547 2762 581 2804 si
591 2763 636 2804 es
645 2763 715 2806 aas
725 2764 764 2805 r.
788 2742 939 2826 Decipere
960 2755 1003 2809 esl
1016 2743 1107 2828 apud
1120 2744 1327 2808 Lactantium
1339 2735 1383 2802 ibi·

303 2841 379 2905 dem
393 2837 471 2903 libri
486 2838 564 2902 olim
578 2839 748 2924 impressi,
764 2848 798 2902 et
809 2839 910 2924 paulo
922 2849 1002 2926 post
1016 2865 1106 2927 opere
1117 2863 1180 2926 pro
1189 2863 1295 2927 perere
1306 2834 1384 2902 iiden

302 2960 377 3004 cum
392 2937 642 3021 manuscriptis
658 2959 744 3022 quos
759 2937 845 3002 vidi.
860 2937 960 3004 huius
974 2940 1066 3004 modi
1080 2939 1185 3006 multa
1198 2947 1314 3004 notare
1327 2951 1384 3019 pos·

301 3059 390 3113 sem,
405 3037 434 3101 si
448 3035 548 3100 ullam
562 3025 742 3101 utilitatem
756 3035 939 3102 haberent.

387 3135 454 3199 175.
475 3136 554 3210 Au,
577 3157 725 3209 carne,
747 3159 789 3198 ιιι
818 3157 1019 3200 recussis
1047 3158 1146 3200 vrrs
1173 3159 1223 3200 sc
1252 3147 1382 3198 ussoac

300 3232 507 3299 mor-:anri
530 3231 727 3310 Quadratus
741 3233 812 3296 Aac
833 3233 923 3297 credo
946 3241 980 3298 et
1001 3233 1059 3298 loc
1080 3257 1218 3298 merore.
1240 3232 1293 3296 hic
1306 3229 1381 3293 Lan·

299 3333 433 3404 binum,
455 3329 623 3392 hominem
638 3328 769 3414 lingua-e
784 3330 925 3395 Latinae
939 3331 1197 3414 peritissimum,
1221 3351 1287 3395 non
1301 3324 1382 3390 offen·

300 3429 391 3493 disse
406 3428 528 3490 miror:
550 3447 626 3490 nam
641 3428 692 3490 Aa
707 3427 796 3492 credo
812 3427 878 3492 diei
892 3449 960 3490 non
975 3436 1108 3514 potest,
1131 3423 1382 3494 consuessem,

299 3528 405 3592 credo.
421 3543 531 3608 neque
544 3523 634 3588 idem
644 3524 826 3590 Lambinus
839 3527 875 3590 in
886 3526 995 3592 Servii
1006 3527 1146 3613 Sulpicii
1156 3527 1200 3592 sd
1213 3527 1381 3592 Ciceronem

299 3621 443 3708 epistula
463 3621 540 3686 libri
555 3621 665 3698 1v,5,3
685 3621 762 3687 tulit
776 3627 828 3688 Ao
847 3626 930 3688 illius
950 3627 1063 3704 eiam,
1085 3627 1194 3705 credo,
1215 3621 1317 3690 doles?
1334 3611 1380 3682 sed
1448 3699 1449 3716 χ

296 3721 377 3786 fecit
390 3722 449 3786 Ar.
471 3718 539 3783 hoc
557 3720 667 3804 ipsum
682 3719 805 3786 Ovidio
825 3721 1038 3788 reddendum
1059 3731 1112 3788 est
1132 3725 1168 3787 in
1187 3731 1261 3788 arte
1280 3721 1354 3786 libro
1365 3735 1380 3782 1,

296 3820 358 3884 370
379 3820 445 3895 ita,
466 3821 527 3892 Ac,
544 3830 619 3904 puto
629 3867 638 3898 ,
660 3843 720 3884 ιιοιι
735 3831 859 3906 poteras
872 3822 940 3906 ipsc
954 3822 1070 3908 referre
1083 3823 1177 3886 mmm
1200 3821 1299 3904 (haec
1312 3811 1379 3894 scili·

297 3923 352 3981 eet
367 3915 488 3980 ancilla
505 3915 596 3982 dicet
616 3916 791 3992 dominae,
813 3941 882 3982 cum
890 3920 1001 4003 pellice
1015 3921 1099 3984 laesa
1113 3919 1257 4003 dolebit),
1277 3914 1328 3980 ubi
1344 3911 1378 3973 le·

295 4015 386 4100 gitur
407 4015 444 4078 Ut
451 4026 527 4099 pato
542 4023 577 4080 et
591 4015 693 4101 vulgo
704 4018 838 4101 poteris.
860 4015 924 4079 sed
943 4017 1032 4081 idem
1046 4017 1228 4082 Lambinus
1251 4016 1328 4080 haec
1344 4003 1376 4070 al

295 4111 447 4175 homines
469 4113 618 4178 nondum
639 4121 739 4176 natos
759 4113 868 4178 minus
888 4121 981 4178 recte
1005 4137 1104 4200 quam
1127 4115 1172 4180 ad
1187 4115 1269 4180 deos
1282 4103 1378 4178 refertl

295 4210 419 4284 sensit,
448 4233 530 4275 usus
559 4212 659 4276 etiam
675 4209 857 4274 Velleianis
885 4211 977 4298 apud
1000 4213 1195 4278 Ciceronem
1217 4213 1376 4276 denatura

248 4399 251 4404 ,
294 4309 433 4373 deorum
450 4309 517 4383 1,21
535 4319 624 4373 arslca
638 4309 773 4372 videlicet
785 4319 916 4394 tempore
930 4313 1047 4400 insistite
1061 4313 1093 4375 iu
1107 4312 1377 4392 inebriataeque*

294 4408 325 4468 ιἰι
336 4409 493 4491 properetis
508 4407 712 4484 latitaverat,
735 4405 880 4490 ideoque
904 4407 995 4473 hunc
1009 4430 1142 4475 versum
1158 4431 1231 4474 oum
1246 4402 1376 4492 proximo

293 4511 371 4567 ante
388 4525 462 4568 cum
478 4504 534 4587 qui
546 4503 610 4566 hos
626 4505 832 4588 sequebatur
844 4505 1039 4582 collocavit,
1053 4508 1118 4573 hoc
1130 4515 1269 4573 estante
1283 4497 1376 4582 pade
