2970 5268
610 487 674 556 1111

74 665 110 728 fit
124 663 222 748 quasi
236 669 276 726 ut
289 660 333 726 ad
348 669 482 726 tornum
495 681 653 728 saxorum
668 669 796 726 structa
809 672 955 728 mansur:

76 801 140 842 non
154 787 270 841 tamen
283 784 321 840 ut
336 795 449 840 coram
464 795 551 862 qnae
566 785 645 842 sunt
658 797 810 862 vereque.
819 779 982 856 rutunda,

76 891 136 956 sed
147 892 249 977 quasi
265 891 484 956 adumbratim
499 891 633 976 paulum
648 891 801 956 simulata
813 892 985 959 videntur.

76 1007 191 1071 umbra
206 1005 342 1070 videtur
355 1005 436 1070 item
449 1006 547 1070 nobis
561 1007 595 1070 in
611 1005 682 1070 sole
696 1005 822 1070 moveri

26 1141 58 1182 ,o
75 1133 106 1185 et
119 1121 266 1206 vestigia
278 1129 398 1184 nostre
411 1121 505 1206 sequi
520 1127 717 1207 gestumque
732 1121 850 1186 imitari
859 1117 890 1197 ς’·

76 1243 150 1300 adra
165 1236 197 1298 si
211 1234 323 1301 credis
338 1219 504 1323 privatum
518 1235 639 1299 lumine
652 1255 754 1320 posse

76 1349 271 1437 indugredi,
282 1357 393 1415 motus
407 1349 575 1444 {nominum
589 1359 787 1436 gestumque
801 1359 1014 1436 sequentem:

4 1471 5 1474 ’
77 1487 149 1530 nam
163 1466 213 1530 nil
228 1486 302 1529 esse
317 1472 433 1551 potest
446 1463 527 1528 aliut
539 1465 602 1528 nisi
616 1464 737 1528 lumine
752 1485 867 1530 cassus

78 1588 133 1645 aer
144 1578 184 1645 id
200 1579 294 1666 quod
308 1600 371 1645 nos
386 1579 535 1643 umbram
549 1579 726 1664 perhibere
740 1586 885 1645 sudmus.

4 1755 5 1768 ἶ
25 1713 57 1752 ³³·
77 1697 108 1759 ni
122 1695 243 1760 mirum
253 1743 260 1770 ‚
272 1695 351 1780 quia
365 1703 457 1758 terra
470 1693 552 1758 loeis
568 1715 610 1758 ex
625 1692 743 1758 ordine
757 1696 857 1760 certis

74 1811 195 1874 lumine
210 1810 363 1896 privatur
377 1809 457 1873 solis
473 1829 539 1894 qua
554 1829 695 1895 cumque
709 1816 857 1875 meantes

74 1925 237 1990 officimus
247 1973 255 1999 ,
265 1924 415 2011 repletur
427 1925 505 1988 item
522 1922 614 2009 quod
628 1923 782 2010 liquimus
797 1925 882 2000 eius,

74 2049 258 2128 propterea
271 2038 309 2104 fit
323 2039 372 2102 uti
386 2037 557 2114 videatur,
568 2059 655 2124 quae
668 2038 731 2104 fuit
744 2040 862 2104 umbre

76 2155 247 2241 corporis,
260 2175 279 2218 e
293 2154 430 2240 regione
445 2151 561 2218 eadem
574 2175 637 2217 nos
650 2175 759 2239 usque
774 2163 905 2219 secuta.

24 2285 55 2330 ‘255
75 2291 206 2356 semper
222 2268 308 2332 enirn
322 2289 412 2333 nova
425 2289 462 2332 se
476 2265 645 2332 radiorum
662 2268 784 2332 lumina
795 2268 943 2335 fundunt

75 2386 250 2471 primaque
266 2381 477 2468 dispereunt,
489 2383 584 2468 quasi
598 2383 754 2468 inignem
769 2371 846 2448 lana
860 2384 1027 2478 tradatur.

76 2506 260 2585 propterea
272 2497 370 2562 facile
385 2507 419 2562 et
432 2497 596 2583 spoliatur
610 2497 850 2574 luminatum,

78 2622 109 2678 et
123 2612 273 2699 repletur
287 2614 366 2678 item
379 2613 558 2698 nigrasque
572 2611 635 2676 sibi
650 2612 755 2676 abluit
767 2613 917 2679 umbras.

116 2727 189 2792 Nec
204 2736 314 2792 tamen
328 2727 383 2791 hie
398 2727 514 2814 oeulos
527 2726 596 2792 falli
611 2723 824 2792 concedimus
838 2729 955 2795 hilum.

25 2858 60 2904 nc,
80 2865 154 2908 nam
168 2863 237 2928 quo
253 2862 393 2927 cumque
408 2841 483 2907 loeo
498 2843 542 2906 sit
556 2843 614 2906 lux
628 2851 730 2927 atque
744 2843 862 2907 umbra
874 2847 962 2909 tueri

4 3011 5 3032 ,
80 2958 210 3022 illorum
226 2966 294 3021 est:
308 2955 423 3020 eedem
438 2975 519 3021 vero
534 2957 602 3020 sint
614 2955 739 3019 lumina
751 2976 872 3032 necne,

79 3073 261 3156 umbraque
275 3091 362 3157 quac
375 3071 438 3136 fuit
450 3070 506 3134 hic
521 3067 636 3132 eedem
650 3087 738 3131 nnnc
752 3075 904 3133 transeat
917 3069 1007 3146 illuc,

4 3251 5 3256 ,
80 3209 120 3250 an
135 3187 248 3272 potius
261 3186 321 3250 fiet
334 3184 435 3271 paulo
451 3182 544 3268 qnod
560 3181 703 3246 diximus
718 3189 810 3257 ante,

4 3259 6 3348 i
80 3301 144 3366 hoc
158 3300 256 3365 animi
271 3297 403 3363 demum
417 3297 502 3363 ratio
518 3297 708 3363 discernere
723 3296 839 3373 debet,

29 3431 63 3476 eu
81 3437 141 3480 nec
153 3421 298 3503 possunt
310 3414 399 3480 oculi
411 3420 564 3478 nutrirem
578 3431 718 3476 noscere
732 3432 856 3477 rerum.

4 3519 6 3600 i
82 3529 221 3616 proinde
237 3529 334 3592 animi
348 3528 464 3592 vitium
478 3528 545 3592 hoc
560 3528 665 3593 oculis
680 3527 849 3612 adfingere
863 3528 945 3593 noli.
1043 3551 1045 3556 ·

4 3647 5 3722 i
82 3667 147 3731 qua
159 3644 312 3710 vehimur
325 3642 419 3718 navi,
429 3641 552 3717 fertur,
564 3663 637 3706 cum
652 3649 742 3706 sture
755 3641 904 3706 videtur:

82 3781 166 3846 quae
180 3767 292 3823 manet
305 3758 339 3822 in
353 3756 515 3832 statione,
526 3776 567 3820 ea
579 3763 716 3842 praeter
731 3756 879 3822 creditur
893 3757 955 3822 ire.

4 3951 5 3960 ἵ
83 3883 114 3938 et
126 3874 242 3960 fugere
257 3871 302 3936 ad
315 3871 452 3959 puppim
468 3871 570 3935 colles
585 3871 758 3956 campique
772 3861 943 3946 videntur,

4 4063 5 4084 Χ
29 4003 64 4045 un
83 4011 167 4075 quos
181 3988 309 4074 agimrm
323 3993 459 4072 praeter
472 4003 591 4048 navem
605 3984 756 4071 velisque
771 3985 937 4051 volamus.
978 4049 983 4056 ,

4 4109 5 4120 ’
82 4104 190 4170 sidera
205 4122 338 4168 cessare
351 4099 507 4165 aetheriis
523 4097 634 4162 adfixa
651 4100 803 4162 cavernis

83 4227 202 4284 cuncta
215 4216 388 4290 videntur,
401 4223 436 4279 et
449 4211 593 4278 adsiduo
609 4221 686 4278 sunt
701 4214 812 4278 omnia
826 4224 937 4289 motu,

85 4471 129 4519 ³61
149 4473 255 4520 turnum
273 4467 284 4534 ΙΙ
303 4471 422 4518 tuantur.
441 4465 451 4532 ΙΙ
469 4467 518 4514 ³68
536 4461 597 4514 cliui
616 4461 627 4529 Η
645 4466 695 4513 378
713 4459 795 4514 adluit
