2990 5182
265 451 333 519 382
789 449 839 516 Vl

344 623 414 689 605.
430 641 692 686 sunsruuous
706 669 712 684 .
728 620 887 706 Impressi
902 641 1137 686 sunrsscra
1151 667 1160 696 ‚
1174 623 1291 707 itaque
1306 623 1375 686 An·

261 723 373 786 tonius
388 718 504 786 Marii.

238 819 245 828 '
342 816 647 883 608.Purnern10
670 839 778 880 unns
800 815 1376 902 urnnnrun.Hocquoreferatur

260 915 342 982 nihil
357 923 426 979 est:
441 934 517 977 nam
528 934 626 976 nemo
638 933 678 977 ea
689 912 733 978 de
744 933 864 988 causa,
880 912 974 998 quod
987 934 1079 977 mare
1094 915 1201 979 maius
1217 935 1288 978 non
1302 913 1375 977 fieri

260 1016 420 1088 miretur,
441 1013 536 1076 timet
549 1031 592 1074 ne
606 1032 719 1076 rerum
733 1031 862 1076 summa
874 1019 1011 1096 pereat:
1033 1011 1100 1076 hoc
1115 1014 1201 1076 enim
1216 1033 1375 1099 praeces-

261 1121 370 1180 serat.
392 1110 476 1174 illud
489 1110 599 1194 ipsum
615 1117 726 1174 eutem
741 1109 835 1194 quod
849 1114 972 1193 poeta,
994 1131 1070 1172 cum
1077 1112 1235 1196 principio
1249 1109 1374 1173 multos

261 1213 405 1296 aliquam
421 1216 548 1274 certem
561 1228 632 1272 rem
644 1209 755 1272 evirari
766 1207 865 1284 dicit,
879 1208 1071 1272 necessario
1082 1209 1116 1272 in
1128 1217 1241 1272 mente
1253 1207 1374 1271 habet.

260 1327 425 1394 nusquam
449 1313 610 1390 apparet,
631 1303 667 1368 id
689 1311 742 1368 est
760 1305 919 1368 mortales
941 1305 1046 1370 multe
1059 1326 1147 1390 quse
1161 1303 1374 1370 naturalibus

261 1405 370 1471 causis
386 1401 573 1467 efficiantur
586 1402 715 1467 frustra
728 1403 856 1466 mirari.
871 1423 948 1466 nam
959 1404 1112 1487 quemvis
1127 1402 1306 1468 eiusmodi
1315 1403 1373 1466 ali·

263 1501 343 1589 quid
358 1503 394 1566 in
404 1499 503 1564 huius
516 1499 594 1564 libri
604 1500 771 1585 principio
783 1500 910 1565 dictum
922 1500 966 1564 sit
979 1500 1059 1566 inde
1070 1523 1091 1566 a
1100 1523 1203 1566 versu
1214 1501 1256 1567 50
1267 1523 1374 1586 usque

261 1599 307 1666 ad
322 1599 378 1675 55,
393 1607 507 1663 tamen
519 1597 587 1662 illic
602 1595 645 1662 de
659 1597 838 1663 formidine
853 1598 980 1684 egitur,
994 1620 1064 1662 non
1075 1599 1118 1663 de
1133 1599 1373 1668 admiratione,

260 1696 316 1762 hic
332 1705 445 1761 autem
459 1702 621 1760 secuntur
636 1696 702 1762 alia
717 1717 803 1780 quae
814 1695 968 1761 homines
983 1698 1094 1762 causis
1107 1719 1176 1761 non
1192 1704 1286 1762 recte
1298 1717 1372 1781 per·

261 1795 369 1881 ceptis
378 1795 545 1869 miramur,
560 1793 621 1858 654
635 1792 698 1858 760
711 1795 773 1858 850
787 1793 848 1858 910
867 1792 960 1858 1056.
971 1792 1040 1858 huc
1050 1793 1182 1858 accedit
1194 1794 1290 1878 quod
1303 1815 1370 1857 om·

260 1895 316 1958 nia
326 1892 428 1967 haec,
444 1892 565 1978 quibus
580 1913 671 1956 mare
686 1891 769 1955 lines
784 1912 948 1956 euoenon
963 1892 1128 1956 excedere
1146 1892 1371 1968 demonstrat,

212 2049 217 2058 .
259 2013 329 2055 non
343 1989 426 2054 satis
441 1997 520 2075 apte
535 1989 702 2055 collocate
716 1997 796 2054 sunt
809 1990 896 2054 inter
910 2011 966 2054 res
976 1990 1082 2054 multo
1094 1992 1200 2077 magis
1215 1989 1371 2054 coniunc-

260 2099 336 2155 tas:
357 2108 435 2151 nam
458 2109 478 2151 a
498 2095 611 2152 terrae
632 2087 779 2153 motibus
802 2087 1010 2152 commodius
1032 2086 1078 2150 ed
1096 2090 1228 2152 Aetnae
1249 2088 1372 2152 montis

261 2187 455 2272 eruptiones
467 2207 568 2270 quam
578 2184 624 2249 nd
633 2187 735 2250 maris
748 2185 986 2250 continentiam
1001 2187 1182 2250 transitur.
1198 2206 1370 2270 quaecum

259 2286 309 2349 ita
321 2285 407 2363 sint,
421 2283 519 2348 facile
535 2292 589 2348 est
602 2283 647 2348 ad
662 2281 935 2370 cognoscendum
946 2303 988 2346 ne
999 2282 1055 2348 hic
1066 2282 1202 2368 quidem
1213 2284 1372 2347 Lucretio

261 2405 322 2468 per
336 2381 443 2448 fatum
457 2381 591 2446 licuisse
606 2387 726 2468 poema
748 2403 844 2446 suum
859 2380 1037 2446 absolvere
1052 2382 1192 2467 eiusque
1206 2392 1324 2466 partes
1339 2389 1372 2445 et

261 2489 355 2546 recte
367 2478 549 2564 disponere
561 2486 596 2543 et
610 2489 692 2562 apte
705 2480 862 2544 iunctura
875 2479 964 2544 inter
974 2499 1050 2544 sese
1061 2487 1255 2544 conectere.
1271 2485 1372 2564 atque

260 2577 302 2642 id·
310 2577 365 2643 vel
380 2597 423 2640 ex
436 2575 503 2638 hoc
517 2575 712 2662 intellegere
726 2598 926 2661 possumus,
941 2579 1053 2662 quod,
1068 2599 1143 2643 cum
1158 2599 1259 2642 versu
1273 2578 1314 2642 50
1328 2577 1372 2640 ed

261 2675 339 2739 libri
359 2673 466 2736 totius
486 2680 718 2757 argumentum
733 2674 918 2758 respiciens
933 2675 1075 2740 dixisset
1093 2677 1199 2742 Cetera
1212 2676 1371 2764 prmaſsm'

259 2776 294 2836 ia
307 2771 395 2836 terrb
410 2772 550 2857 caeloque
564 2782 685 2836 centur
699 2772 865 2848 Mortales,
887 2782 1009 2859 postea
1029 2784 1141 2840 autem
1158 2795 1260 2840 versu
1274 2773 1316 2838 83
1337 2783 1371 2836 et

261 2870 302 2934 84
322 2868 407 2934 nihil
427 2871 490 2935 nisi
513 2869 663 2954 uerempa
686 2870 918 2956 promisisset,
944 2879 1058 2938 tamen
1078 2873 1132 2938 his
1153 2872 1370 2957 pertractatis

260 2988 363 3032 versu
377 2967 438 3032 535
452 2967 537 3032 nihil
550 2967 724 3052 praefatus
737 2968 785 3034 ad
798 2970 974 3034 terrestria
987 2971 1138 3036 transiit.
1160 2970 1246 3054 haec
1261 2969 1369 3034 omnia

260 3067 463 3152 interpretes
474 3087 622 3132 cumnon
632 3067 964 3142 animadvertissent,
973 3067 1243 3134 mirabilimentis
1252 3067 1371 3132 inertia

260 3166 451 3250 probarunt
471 3187 607 3230 versum
629 3187 650 3230 a
663 3165 809 3230 Marullo
831 3167 963 3241 fictum,
985 3168 1081 3232 Nuac
1100 3169 1181 3231 ratio
1201 3167 1369 3242 reddenda,

259 3287 389 3349 arrpmaa
404 3287 459 3328 cur
469 3265 582 3328 caedat
595 3285 726 3350 aequor,
742 3263 882 3349 quinon
897 3263 998 3330 modo
1012 3265 1138 3329 inutilis
1154 3272 1224 3340 est,
1240 3262 1304 3328 sed
1316 3285 1368 3326 cu·

260 3361 383 3425 riosius
399 3361 599 3425 examinanti
615 3361 803 3426 absurdus.
820 3383 896 3426 eum
908 3362 1002 3426 solus
1016 3363 1182 3426 Aventius
1195 3383 1266 3426 non
1280 3383 1369 3426 rece·

260 3458 327 3541 pit,
344 3478 441 3542 quem
458 3461 627 3544 sequitur,
642 3465 681 3522 ut
695 3460 800 3535 solet,
814 3459 985 3526 Iohannes
999 3458 1156 3544 Baptista
1169 3460 1270 3524 Pius.

344 3556 413 3620 009.
428 3555 618 3620 ΝΔτῦιιΑ.
639 3557 804 3622 Marullus
819 3558 1044 3622 Nannenus.

344 3652 413 3716 613.
426 3675 562 3716 seusu
582 3677 634 3717 nn
657 3677 782 3720 uenis
795 3645 936 3720 'ounra
958 3677 1128 3720 sursusu
1143 3654 1289 3719 Gurrs
1302 3677 1369 3718 νη

260 3752 1370 3818 rrrsrsrsnunrnurusnnsueunn.ltalietMerullusGur·
1480 3831 1481 3834 Ἴ

260 3872 347 3915 rer:
363 3851 424 3914 sed
439 3850 540 3915 iidem
554 3851 598 3915 ad
610 3874 739 3937 aupmeo
753 3852 895 3917 vocibus
907 3850 1043 3926 divisis,
1058 3851 1212 3915 cretione
1227 3851 1369 3936 turpiter

261 3948 463 4012 abundanti.
474 3948 541 4014 hoc
549 3951 660 4016 nullus
670 3952 894 4036 interpretum
904 3951 1156 4026 animadvertit3
1168 3971 1237 4035 quo
1246 3949 1369 4014 factum

260 4052 312 4108 est
323 4053 361 4107 ut
372 4047 542 4130 adortpma
552 4048 661 4114 lexice
670 4049 782 4114 sdhuc
791 4051 964 4136 ignorent,
976 4049 1034 4134 qui
1043 4051 1191 4114 ἀάαιισὶιω
1198 4049 1312 4112 dictus
1321 4055 1371 4111 est

259 4141 1370 4232 inlibro11‚ll22.sunttamenrarehuiusgeneriscompositanblep·

257 4242 1369 4332 miaa‚prosepmiaa,praese9miaa‚resegmiaaPlinii,subtepmensive

256 4338 1368 4430 ceremon,ecamm,sufflamen(awffranqendo,puto‚ute4ffr09aes)‚
1480 4365 1481 4434 ἐ

251 4459 445 4524 propapmea
467 4439 533 4520 (sic
556 4460 575 4502 a
591 4441 756 4526 paaqendo
769 4439 899 4504 Ennius
914 4440 1015 4506 Nonii
1030 4465 1060 4526 p.
1071 4442 1120 4518 64,
1130 4441 1170 4504 32
1187 4451 1221 4506 et
1235 4439 1366 4522 221‚9).
1480 4437 1481 4470 l
