2972 5188
615 491 665 558 lV
1130 495 1200 564 259

91 663 161 726 veri
181 661 314 739 docuit,
334 663 414 728 inde
435 663 496 729 722
511 664 557 728 ad
571 674 683 729 motus
699 664 798 728 animi
814 665 1035 751 explicandos
1052 671 1201 733 transiit.

90 760 141 824 his
152 760 214 824 826
226 762 391 825 absolutis
403 783 500 826 namo
512 762 669 850 profecto
680 764 872 839 miraretur,
889 765 918 829 si
932 767 1045 829 statim
1062 787 1102 830 ea
1117 789 1202 853 quae

91 860 132 922 ab
154 858 264 922 auimo
285 860 414 924 initium
437 881 559 946 capere
582 859 700 934 (locet,
722 882 891 948 gressum,
913 865 1201 940 somnum‚Vene-

42 957 46 970 ‘
90 975 176 1030 rem,
196 957 382 1023 subiceret.
403 979 494 1021 nuno
513 979 595 1021 vero
617 967 695 1022 ante
711 979 811 1042 quam
827 959 871 1022 ad
885 959 969 1024 haec
983 962 1044 1026 877
1060 963 1200 1030 acceda-

89 1065 159 1130 tur,
175 1055 241 1119 alia
255 1077 298 1120 ex
309 1055 444 1120 diverso
456 1077 581 1142 genere
594 1057 772 1122 interiecta
784 1065 879 1132 sunt,
896 1079 982 1144 quae
993 1081 1063 1126 nou
1074 1062 1118 1127 ad
1130 1066 1200 1128 ani-

89 1173 178 1216 mum
200 1152 262 1216 sed
284 1151 329 1217 ad
351 1173 471 1216 sensus
493 1160 527 1217 et
549 1152 594 1216 ad
616 1175 741 1238 eorpus
756 1155 944 1239 pertinent:
967 1179 1043 1222 nam
1057 1161 1200 1245 primum

88 1249 264 1314 822-857
293 1272 411 1316 sensus
434 1272 504 1315 uon
526 1273 601 1316 esse
621 1253 778 1317 utilitatis
801 1274 903 1317 eausa
925 1263 1059 1320 creatos
1082 1258 1200 1334 docet,

89 1347 212 1412 deinde
227 1347 393 1414 858-876
408 1350 594 1414 animantes
609 1349 686 1414 ideo
703 1359 824 1436 sponte
839 1351 951 1416 eibum
966 1376 1130 1438 quaerere
1146 1379 1200 1421 os·

87 1447 215 1523 tendit,
227 1446 321 1532 quod
335 1467 459 1531 eorpus
471 1447 584 1512 multis
594 1449 752 1532 partibus
764 1447 976 1514 effluentibus
988 1450 1200 1518 debilitatum

87 1547 178 1612 viros
192 1546 343 1630 recipere
364 1544 505 1610 debeat.
527 1545 648 1610 horum
661 1546 779 1632 priore
794 1569 894 1632 quam
909 1549 1029 1614 similia
1044 1551 1117 1616 aliis
1133 1553 1202 1617 sint

86 1668 158 1709 eum
178 1649 341 1710 contextu
355 1644 509 1708 carminis
523 1665 592 1709 non
607 1646 718 1730 aptius
737 1646 942 1724 coniunctis,
963 1649 1007 1711 ad
1028 1648 1148 1714 librum
1165 1675 1200 1728 η,

87 1745 144 1809 165
156 1744 363 1830 significavi:
380 1741 522 1808 alterum
532 1750 656 1830 politae
667 1751 737 1808 tum
751 1745 785 1808 in
796 1754 942 1810 mentem
952 1748 1085 1812 venisse
1095 1751 1199 1828 mani·

84 1842 212 1908 festum
234 1850 302 1916 est,
324 1863 398 1906 eum
418 1863 458 1905 ea
478 1842 670 1926 scripsisset
690 1843 810 1926 quibus
830 1843 1002 1928 quomodo
1018 1845 1114 1910 cibus
1129 1849 1198 1912 ani-

83 1963 175 2006 mam
196 1939 358 2004 adficeret
379 1939 535 2025 exposuit
558 1939 752 2004 954-961.
774 1949 919 2025 utraque
939 1941 982 2006 ab
1002 1957 1200 2029 argumento

84 2039 160 2104 libri
179 2038 291 2123 quarti
306 2037 414 2101 aliens
427 2058 496 2100 non
511 2045 607 2116 sunt,
622 2037 685 2102 sed
698 2059 761 2102 nee
777 2059 838 2102 suo
853 2036 930 2102 loeo
945 2039 1075 2122 posita,
1089 2063 1200 2126 neque

86 2138 134 2201 ita
148 2136 278 2220 scripte
291 2144 330 2199 ut
344 2135 403 2198 ulli
418 2134 573 2198 carminis
588 2136 678 2219 parti
693 2145 786 2200 reete
802 2135 903 2199 inseri
917 2137 1067 2220 possint.
1084 2142 1217 2226 itaque,

85 2234 171 2300 haec
195 2254 330 2318 quoque
351 2232 416 2296 alio
437 2239 589 2316 tempore
611 2234 799 2317 composita
819 2241 923 2312 sunt,
944 2255 1018 2297 oum
1037 2243 1141 2322 polita
1162 2259 1201 2302 ea

84 2355 173 2419 quae
187 2332 254 2394 iarn
268 2330 459 2414 perscripta
474 2335 588 2394 essent
601 2351 670 2393 non
684 2329 829 2394 haberet
841 2333 876 2394 in
890 2333 1062 2400 manibus.

170 2427 241 2492 825.
262 2427 523 2492 Prosrrosan
547 2449 593 2490 ur
615 2450 831 2504 rossrnus,
852 2451 900 2491 ar
922 2452 971 2492 ur
994 2453 1200 2497 exornans

89 2551 158 2592 vra
186 2526 402 2590 Pseneros
432 2514 600 2589 Passus.
628 2525 732 2589 Immo
762 2527 880 2590 terminu
900 2529 1059 2592 oculorum
1080 2543 1200 2610 orento,

91 2627 266 2712 Promisere
286 2635 320 2688 al
340 2643 563 2687 rossanus:
584 2623 632 2686 ita
648 2624 735 2687 enim
749 2645 883 2708 semper
897 2624 1093 2701 Lueretius,
1112 2637 1151 2692 ut
1165 2629 1200 2692 in

89 2723 251 2809 proximis
267 2721 427 2786 Bracchia
447 2732 509 2784 tum
524 2743 622 2804 porro
641 2723 752 2786 validis
766 2744 804 2785 ee
817 2732 890 2807 apto
904 2723 1026 2810 hemis
1041 2725 1119 2790 Esse
1131 2749 1198 2791 mo-

85 2845 200 2909 ransque
221 2822 324 2894 dulae,
350 2819 388 2884 Ut
391 2819 503 2906 sotere
518 2821 561 2884 od
573 2823 666 2884 vitam
674 2845 832 2906 possemus
843 2845 922 2908 quoe
928 2823 1015 2908 foret
1032 2847 1121 2904 rozo,
1142 2827 1200 2891 ubi

85 2919 251 2986 Marullus
279 2919 412 2982 soloece
427 2920 599 3001 pessimum
627 2928 661 2982 et
683 2920 744 2982 Nil
761 2919 829 2981 ideo
851 2922 995 3004 quoniam
1016 2927 1200 2987 nutritoriis
1270 2951 1271 2954 ¹

85 3042 228 3110 empore,
250 3028 283 3078 ot
303 3017 349 3078 oli
364 3015 538 3078 Porsemur.
561 3013 623 3076 sed
644 3015 677 3076 in
696 3013 762 3076 hoo
778 3014 821 3077 de
837 3036 904 3098 quo
920 3017 1031 3099 agitur
1045 3039 1147 3082 versu
1161 3029 1200 3082 ut

82 3117 202 3202 priora
216 3111 433 3196 praeteritum
451 3119 601 3193 tempus,
616 3111 664 3172 ite
679 3131 765 3194 quae
782 3119 943 3174 secuntur
954 3135 1118 3197 praesens
1129 3140 1199 3200 pos·

82 3215 179 3276 simas
195 3211 350 3294 exigunt,
370 3219 398 3270 et
410 3217 444 3270 ut
451 3207 594 3292 proferre
609 3207 671 3270 uiui
686 3207 834 3270 Procerus
842 3230 971 3291 poeno,
993 3211 1061 3273 ideo
1067 3211 1201 3297 surripio

80 3333 170 3398 posse
194 3307 348 3372 Sororem
368 3315 405 3370 a‘c
418 3305 574 3392 semiton
589 3305 719 3390 peditto
731 3305 872 3391 fundata
888 3307 1020 3390 plicari.
1044 3329 1124 3394 ergo
1146 3309 1200 3373 his

82 3405 262 3493 proprium
276 3405 416 3468 verbum
431 3402 683 3468 attribuendum
698 3411 750 3466 est
761 3401 827 3467 hoc
838 3401 959 3479 modo,
974 3417 1001 3468 et
1015 3417 1047 3468 et
1055 3407 1201 3494 proferre

85 3526 281 3584 ounxrrns
310 3502 459 3567 Procerus
478 3525 591 3587 possus
604 3527 616 3584 ,·
640 3501 743 3586 idque
772 3523 812 3565 eo
839 3503 944 3588 magis
967 3503 1060 3588 quod
1076 3509 1202 3590 proceri

80 3627 192 3690 possus
206 3604 273 3666 viae
287 3601 368 3665 nulli
384 3609 478 3676 sunt,
492 3622 602 3686 neque
617 3599 706 3665 ullus
720 3601 943 3686 interpretum
958 3601 1127 3686 explicare
1143 3625 1200 3665 uu-

86 3725 143 3768 sus
160 3709 229 3776 ost,
245 3707 381 3784 praeter
395 3698 509 3774 Pium,
524 3699 582 3784 qui
597 3699 679 3764 <licit
695 3721 768 3763 osse
784 3723 909 3784 mopiam
920 3701 1038 3784 prodar
1052 3712 1080 3763 et
1093 3703 1201 3784 spacia

87 3803 168 3864 vioe.
184 3820 286 3863 versu
302 3797 362 3862 877
378 3799 473 3861 Nouo
488 3798 610 3886 qoiflat
622 3800 666 3860 ali
674 3821 788 3892 possus
799 3797 942 3882 prfferire
957 3819 1117 3880 qrcearaus.

168 3897 240 3960 830.
256 3918 388 3959 uariis
411 3915 757 3968 urnaque-rma
780 3913 1019 3956 urxrsrnxs.
1038 3892 1200 3958 Marullus

86 4020 106 4057 o
117 4005 224 4079 parte.
245 3993 358 4056 verius
374 4002 426 4056 ost
440 4003 569 4078 atroque
591 4015 639 4055 nx
656 4003 763 4077 parre,
787 3999 823 4054 ut
836 3991 870 4054 in
886 4013 917 4064 v,
929 3991 988 4054 511
1005 3990 1059 4052 Ex
1073 4003 1201 4079 utroque

82 4095 188 4175 polum
196 4094 285 4176 porti
296 4115 435 4176 proruere
449 4101 541 4154 atra.
563 4114 601 4153 ex
610 4101 719 4174 parte,
739 4110 808 4152 non
824 4114 855 4163 o,
879 4096 917 4153 ut
935 4087 1006 4151 (lixi
1021 4087 1066 4151 ad
1080 4089 1199 4154 librum

87 4213 106 4263 1,
115 4190 195 4253 813.
217 4211 325 4272 neque
340 4189 474 4274 saepius
490 4211 588 4274 quam
605 4187 758 4263 ter‚1nisi
781 4186 895 4261 fallor,
920 4186 975 4250 lrie
998 4193 1101 4271 poita
1116 4187 1201 4252 dixit

87 4311 106 4348 o
114 4298 223 4371 porte,
245 4287 279 4348 iu
294 4285 408 4360 1v‚l2o
424 4286 535 4372 Lonpa
550 4297 650 4350 tomen
659 4297 751 4371 parte
766 4287 804 4349 ob
818 4309 937 4350 stamma
957 4309 1025 4350 cum
1046 4297 1107 4349 toln
1119 4286 1198 4348 eido·

86 4395 152 4461 tur,
174 4391 210 4448 et
230 4384 264 4446 in
280 4406 309 4457 v,
320 4384 380 4448 685
404 4384 446 4448 Et
467 4387 549 4470 quod
567 4385 606 4449 ab
621 4386 769 4450 olterelra
790 4385 921 4449 detraxit
936 4396 1045 4470 parte,
1065 4384 1144 4446 item
1166 4381 1200 4444 in
