2970 5268
252 484 320 553 110
788 481 838 550 111

174 676 224 723 sss
245 679 315 724 non
329 657 449 722 merito
462 656 620 723 inclamet
633 655 738 741 magis
752 663 788 720 et
801 675 885 720 voce
899 654 1053 740 increpet
1066 655 1159 720 acri?

243 769 347 839 ‘aufer
360 771 483 837 abhinc
496 771 665 846 lacrimas,
676 770 825 845 beletro,
838 777 872 834 et
886 789 1061 855 compesce
1076 769 1258 854 querellas.

175 905 225 954 959
247 889 357 954 omnia
370 885 567 976 perfunctus
580 885 662 951 vitai
675 885 824 970 praemia
836 895 980 952 99999995

247 1002 308 1068 sed
323 1003 402 1089 quia
416 1021 547 1088 semper
562 1019 641 1064 aves
656 997 750 1084 quod
764 999 879 1076 abest,
890 999 1082 1085 praesentia
1094 1001 1228 1074 temnis,

245 1117 429 1204 inperfecta
443 1115 503 1182 tibi
517 1115 666 1200 elapsast
677 1113 875 1201 ingrataque
889 1114 973 1190 vita,

248 1241 283 1298 ct
296 1253 359 1298 nec
374 1231 523 1318 opinanti
537 1251 628 1294 mors
643 1227 687 1294 ad
703 1236 805 1316 caput
818 1227 950 1312 adstitit
964 1237 1042 1294 ante

175 1362 226 1412 999
248 1368 347 1433 quam
361 1354 455 1411 satur
469 1365 509 1410 ac
523 1345 643 1430 plenus
657 1343 768 1430 possis
783 1341 956 1408 discedere
971 1363 1099 1408 rerum.

247 1483 337 1526 nunc
351 1460 458 1524 aliena
472 1467 531 1524 tua
543 1469 657 1524 tamen
670 1466 781 1524 astate
795 1459 906 1524 omnia
918 1458 1029 1533 mitte,

248 1595 358 1662 aequo
373 1575 548 1660 animoque
557 1622 566 1650 ‚
576 1594 639 1659 age
653 1571 749 1649 dum,
761 1572 870 1659 dignis
884 1570 1034 1637 concode
1043 1596 1051 1636 :
1061 1583 1234 1638 necessest
1242 1578 1259 1637 ,’

246 1691 318 1756 iure
328 1736 336 1765 ‚
345 1697 385 1753 ut
399 1689 536 1775 opinor,
547 1695 642 1774 agat,
652 1688 723 1752 iure
737 1687 889 1773 increpet
902 1687 1096 1772 incilctque:

248 1802 338 1870 cedit
353 1803 439 1868 enim
452 1824 563 1868 rerum
576 1803 727 1868 novitate
742 1809 879 1868 extrusa
892 1811 1043 1867 vetustas

174 1935 225 1983 995
246 1938 395 2006 semper,
407 1925 442 1982 at
456 1937 499 1982 ex
513 1917 585 1983 aliis
600 1916 690 1982 aliud
704 1937 862 2003 reparare
877 1926 1063 1982 necessest.

246 2053 309 2097 nec
324 2031 499 2118 quisquam
512 2032 547 2096 in
562 2031 757 2098 barathrum
770 2053 833 2096 nec
848 2031 992 2096 Tartara
1007 2031 1142 2097 deditur
1156 2041 1243 2100 atra:

247 2148 402 2212 materies
417 2169 503 2234 opus
519 2156 587 2224 est,
598 2156 637 2212 ut
652 2153 806 2211 crescant
819 2155 957 2232 postera
970 2147 1098 2223 saecla3

246 2284 334 2350 quse
347 2272 458 2328 tamen
473 2261 583 2328 omnia
597 2269 631 2328 te
644 2261 715 2326 vita
728 2259 905 2346 perfuncta
918 2269 1117 2347 sequentur:

246 2399 309 2443 nec
323 2378 432 2442 minus
447 2398 527 2463 ergo
543 2384 621 2441 ante
634 2375 720 2442 hacc
734 2396 835 2461 quam
847 2384 886 2440 tu
901 2375 1052 2440 cecidere
1062 2425 1070 2452 ‚
1081 2373 1283 2461 cadentque.

174 2508 224 2555 oro
247 2493 296 2557 sic
311 2491 377 2556 alid
392 2513 435 2555 ex
450 2491 514 2556 alio
527 2511 708 2576 numquam
723 2489 863 2554 desistet
877 2491 971 2566 oriri,

246 2606 383 2690 vitaque
398 2605 561 2690 mancipio
576 2603 657 2668 nulii
672 2603 788 2678 datur,
800 2605 953 2670 omnibus
967 2625 1046 2670 usu.

246 2719 377 2805 respice
390 2718 469 2782 item
485 2738 584 2803 quam
597 2718 644 2782 nil
659 2715 704 2781 nd
717 2737 781 2782 nos
795 2727 872 2782 ante
888 2729 964 2784 9999
978 2728 1126 2786 vetustas

248 2832 410 2920 temporis
424 2831 552 2898 aeterni
564 2831 680 2910 fuerit,
692 2851 793 2918 quam
806 2834 972 2899 nascimur
986 2843 1079 2900 ante.

246 2947 312 3013 hoc
326 2946 426 3034 igitur
441 2946 613 3034 speculum
626 2947 724 3013 nobis
738 2957 860 3013 natura
873 2948 976 3014 futuri

174 3079 224 3128 975
246 3063 406 3150 temporis
421 3063 559 3150 exponit
574 3071 807 3149 postmortem
822 3063 967 3150 denique
981 3072 1143 3128 nostram.

244 3177 408 3263 numquid
419 3179 465 3244 ibi
479 3178 639 3244 horribile
653 3189 811 3265 apparet,
823 3201 902 3243 num
916 3180 1011 3244 triste
1025 3175 1158 3242 videtur

245 3293 439 3378 quicquam,
450 3313 518 3355 non
534 3293 623 3356 omni
636 3313 754 3356 somno
770 3295 918 3358 securius
933 3293 1066 3358 exstat?

285 3405 398 3491 Atque
414 3426 469 3481 ea,
479 3405 515 3470 ni
528 3406 662 3480 mirum,
674 3427 761 3490 quae
777 3427 917 3493 cumque
931 3406 1125 3472 Acherunte
1139 3406 1312 3492 profundo

244 3517 381 3605 prodita
394 3527 473 3583 sunt
487 3539 578 3594 9999,
588 3519 623 3582 in
637 3519 800 3584 vitasunt
815 3523 923 3586 omnia
937 3523 1049 3586 nobis.

172 3649 222 3697 aso
244 3655 307 3697 nec
321 3633 420 3698 miser
434 3630 622 3718 inpendens
637 3653 793 3718 magnum
807 3635 899 3700 timet
913 3643 991 3702 9999
1005 3657 1123 3702 saxum

245 3747 408 3812 Tantalus
417 3797 425 3824 ‚
434 3755 475 3812 ut
487 3746 625 3823 famose,
636 3767 733 3812 cassa
746 3747 921 3815 formidine
935 3758 1092 3840 torpens:

244 3860 306 3926 scd
321 3863 424 3947 magis
438 3863 472 3926 in
486 3862 558 3926 vita
571 3861 685 3928 divom
698 3871 807 3928 metus
821 3873 918 3951 urget
930 3865 1037 3930 inanis

244 3976 407 4050 mortalis,
420 3998 600 4063 casumque
613 3979 733 4044 timent
747 4001 844 4064 quem
858 3980 978 4066 cuique
991 3979 1079 4045 ferat
1092 3979 1181 4044 fors.

243 4112 306 4155 nec
321 4090 449 4176 Tityon
463 4091 618 4158 volucres
632 4094 749 4160 ineunt
762 4094 956 4159 Acherunte
969 4095 1149 4172 iacentem,

235 4375 296 4435 ‘954
315 4369 421 4424 baratre
440 4371 451 4443 ΙΙ
469 4377 519 4426 958
537 4373 688 4446 inperfecte
707 4375 718 4446 i}
736 4381 786 4428 960
805 4373 910 4428 discors
928 4377 938 4444 ΙΙ
958 4381 1006 4428 962
1025 4375 1156 4445 agendum
1172 4375 1277 4446 magnis
1296 4375 1308 4446 ΙΙ
1327 4381 1378 4428 969

246 4452 312 4506 fodi
331 4453 341 4518 ΙΙ
361 4457 562 4512 sceleraturm
