2946 5188
620 483 635 550 1

60 677 197 741 corpore
214 654 401 718 seiunctum
417 663 649 739 secretumque
665 676 739 720 esse
754 657 796 722 ab
810 657 915 732 inani,

61 768 147 853 quod
162 767 261 854 quasi
275 769 375 832 tertia
389 769 433 832 sit
447 789 584 832 numero
600 749 882 856 natura'reperta.

60 905 128 947 nam
143 882 239 968 quod
254 905 396 968 eumque
412 884 489 957 erit,
502 903 577 947 esse
592 883 717 969 aliquid
732 883 867 950 debebit
881 886 916 950 id
929 889 1053 972 ipsum3

25 1015 41 1056 e
61 999 107 1060 eui
123 998 148 1060 si
165 1005 277 1061 taetus
294 998 355 1061 erit
370 998 520 1083 quamvis
535 997 618 1062 levis
634 999 853 1085 exiguusque,

25 1129 42 1172 u
62 1111 202 1196 augmine
220 1111 275 1176 vel
288 1110 408 1197 grandi
421 1112 475 1174 vel
489 1132 595 1198 parvo
612 1111 772 1198 denique,
785 1112 863 1178 dum
879 1117 934 1187 sit,

25 1241 44 1284 n
62 1227 206 1310 corporis
222 1227 359 1312 augebit
373 1246 545 1288 numerum
560 1246 787 1312 summamque
802 1239 976 1314 sequetur:

64 1339 107 1402 sin
121 1339 270 1403 intactile
286 1340 364 1413 erit,
377 1339 468 1404 nulla
482 1338 525 1403 de
539 1348 636 1425 parte
652 1339 746 1425 quod
759 1341 859 1405 ullam

64 1473 124 1516 rem
137 1453 319 1538 prohibere
335 1461 435 1538 queat
450 1475 511 1541 per
526 1475 562 1518 se
576 1456 738 1518 transeire
752 1464 930 1534 meantem,

65 1567 195 1641 seilicet,
206 1566 276 1630 hoe
291 1565 325 1630 id
342 1568 419 1641 erit,
431 1588 571 1631 vacuum
586 1566 680 1651 quod
694 1569 792 1632 inane
808 1591 982 1635 vocamus.

25 1695 48 1738 it
66 1687 229 1764 praeterea
244 1701 306 1765 per
321 1703 357 1744 se
372 1680 620 1765 quodcumque
636 1681 714 1756 erit,
726 1690 785 1746 aut
798 1681 898 1748 faciet
913 1686 994 1770 quid

67 1807 116 1856 aut
128 1794 196 1858 aliis
211 1793 307 1880 fungi
323 1793 458 1859 debebit
472 1795 647 1880 agentibus
661 1795 784 1878 ipsum,

69 1917 117 1971 aut
130 1910 190 1972 erit
204 1919 242 1973 ut
257 1908 391 1993 possint
404 1909 438 1973 in
453 1931 494 1973 eo
509 1931 563 1974 res
580 1929 654 1973 esse
669 1909 822 1994 gerique:

68 2029 97 2084 at
108 2021 213 2086 faeere
228 2031 267 2087 et
279 2022 372 2108 fungi
387 2024 459 2087 sine
474 2045 617 2110 corpore
632 2023 723 2087 nulla
737 2031 851 2108 potest
864 2047 934 2102 res,

69 2157 121 2198 nee
134 2137 295 2224 praebere
310 2137 419 2201 locum
433 2160 536 2224 porro
551 2138 615 2202 nisi
629 2138 728 2202 inane
742 2159 947 2224 vacansque.

25 2261 54 2306 ut
72 2271 154 2335 ergo,
165 2259 301 2336 praeter
315 2252 412 2316 inane
428 2261 461 2315 et
475 2273 636 2336 corpora,
648 2251 747 2315 tertia
760 2271 821 2335 per
836 2273 872 2315 se

71 2364 147 2428 nulla
160 2375 275 2450 potest
289 2387 399 2430 rerum
414 2366 448 2428 in
463 2387 600 2430 numero
616 2372 736 2428 natura
750 2363 905 2448 relinqui,

72 2498 123 2540 nec
136 2501 216 2564 quae
230 2481 296 2545 sub
312 2501 430 2544 sensus
446 2478 547 2544 eadat
560 2479 629 2544 ullo
645 2489 796 2572 tempore
811 2487 963 2555 nostros,

72 2595 262 2658 uectatione
277 2594 375 2659 animi
390 2616 488 2680 quam
504 2595 679 2680 quisquam
694 2593 803 2679 possit
817 2594 937 2680 apisci.

107 2705 181 2772 Nam
197 2730 441 2795 quaecumque
457 2709 584 2783 cluent,
596 2717 652 2772 aut
665 2708 719 2772 his
735 2709 911 2774 coniuncta
927 2709 1057 2776 duabus

26 2831 58 2872 tt
73 2820 159 2886 rebus
173 2844 210 2887 ea
223 2823 376 2888 invenies
391 2822 581 2886 authorum
596 2829 716 2886 eventa
729 2820 873 2886 videbis.

75 2935 270 3002 coniunctum
286 2936 387 3000 estid
402 2936 496 3022 quud
510 2957 674 3022 nusquam
689 2936 760 2998 sine
774 2937 943 3019 perniciali

75 3043 198 3116 discidio
212 3051 306 3138 potis
321 3059 375 3116 est
388 3051 516 3134 seiungi
532 3070 635 3132 seque
651 3049 797 3133 gregari3

75 3163 190 3242 pondus
204 3167 254 3230 uti
271 3166 395 3240 anxiet,
406 3165 497 3229 calor
512 3163 613 3248 ignis,
625 3162 736 3246 liquor
751 3163 864 3246 aquai.
929 3203 931 3209 ·

26 3284 59 3328 ni
76 3280 226 3346 senitium
242 3287 380 3355 eontra,
391 3285 589 3364 paupertas,
601 3275 818 3360 divitiaeque,

77 3385 212 3472 libertas,
223 3393 366 3468 bellum,
379 3391 577 3468 eoncordia,
589 3399 702 3456 cetera
716 3407 857 3474 quornm

77 3501 204 3572 adventu
218 3515 333 3572 manet
346 3507 520 3572 incolumis
535 3513 655 3570 natura
669 3505 843 3589 abituque‚

77 3612 145 3682 haee
159 3623 246 3688 soliti
262 3644 375 3686 sumus
385 3671 393 3697 ‚
405 3631 442 3686 ut
457 3642 518 3708 par
533 3627 600 3696 est,
613 3627 733 3684 eventa
747 3641 882 3684 vocare.

77 3736 191 3818 tempus
204 3737 284 3802 item
298 3757 360 3821 per
375 3757 411 3800 se
425 3757 494 3799 non
510 3742 578 3808 est,
589 3731 651 3796 sed
665 3733 765 3796 rebus
780 3733 822 3796 ab
836 3733 918 3819 ipsis

28 3851 61 3896 ⁴⁸0
78 3853 277 3934 consequitur
292 3871 426 3924 sensus,
439 3856 643 3913 transactum
658 3847 739 3932 quid
754 3848 845 3912 sitin
860 3868 944 3910 aevo
953 3859 963 3915 ,“

78 3963 135 4023 tum
149 3984 231 4047 quae
246 3987 301 4029 res
315 3965 434 4039 instet,
447 3962 527 4048 quid
542 3983 645 4046 porro
662 3959 782 4024 deinde
797 3968 971 4044 sequatur:

98 4161 256 4175 *san—st..--

82 4275 122 4321 438
133 4283 247 4331 transere
264 4279 274 4346 ΙΙ
294 4284 342 4330 442
355 4285 469 4348 possunt
488 4277 498 4346 ii
517 4281 566 4328 449
579 4275 667 4327 civeut
686 4275 696 4342 ΙΙ
714 4273 856 4324 coniuncto
868 4272 987 4326 duobus.
1006 4275 1015 4342 Η
1030 4279 1076 4324 451
1092 4273 1189 4342 permi-

83 4353 138 4408 tiaii.
155 4358 165 4426 tl
182 4367 229 4412 ⁴5⁴2
242 4361 377 4432 greagrri.
397 4361 407 4428 ii
426 4365 474 4411 453
488 4360 560 4413 saxis
573 4358 582 4426 ii
596 4373 693 4428 aquae.
711 4356 721 4423 ΙΙ
740 4363 789 4408 454
804 4357 905 4410 Tactus
918 4357 1076 4428 corporibus
1089 4355 1190 4406 cunctis

85 4433 183 4492 inueun
200 4445 281 4496 inani.
301 4447 310 4514 tt
330 4450 378 4494 455
397 4441 546 4511 divineque.
566 4445 576 4510 Η
595 4447 643 4492 458
662 4447 758 4491 ercino

969 4537 989 4599 2
