3034 5204
251 483 321 553 246
786 481 840 550 Vl

247 657 318 722 ibat
333 664 367 722 et
380 655 413 720 iu
427 655 533 741 partis
548 653 700 742 genitalis
716 653 867 741 corporis
880 651 989 739 ipsas.

250 780 284 837 et
297 771 444 858 graviter
457 771 577 857 partim
591 777 776 833 metuentes
791 768 902 833 limina
915 768 973 833 leti

247 885 406 950 vivebant
418 884 509 949 ferro
524 884 646 970 privati
660 891 756 970 parte
773 883 876 958 virili,
970 861 975 868 ¹

169 1016 233 1063 1210
249 1007 284 1063 et
297 1000 447 1063 manibus
462 999 533 1062 sine
547 1019 616 1061 nou
630 997 710 1062 nulli
725 995 936 1082 pedibusque
951 995 1130 1062 manebant

248 1114 283 1178 in
296 1113 364 1178 vita
378 1121 506 1188 tamen,
522 1119 556 1175 et
569 1111 758 1197 perdebant
771 1111 893 1175 lumina
909 1111 1042 1197 partim:

248 1249 356 1314 usque
370 1225 456 1292 adeo
471 1225 588 1289 mortis
603 1233 711 1290 metus
725 1225 779 1290 his
793 1224 977 1290 incesserat
991 1245 1084 1290 acer.

248 1349 349 1427 atque
365 1341 463 1406 etiam
478 1338 642 1425 quosdam
658 1361 776 1426 cepere
792 1339 915 1404 oblivia
928 1361 1039 1404 rerum

249 1465 460 1531 cunctarum,
470 1475 579 1541 neque
595 1476 632 1518 se
648 1462 787 1540 possent
802 1474 1008 1540 cognoscere
1022 1462 1060 1519 ut
1073 1453 1152 1541 ipsi.

168 1587 232 1634 1215
246 1571 415 1655 multaque
429 1567 521 1632 humi
536 1590 610 1632 cum
624 1568 795 1632 inhumata
807 1568 956 1632 iacerent
971 1590 1115 1655 corpora
1128 1589 1232 1656 supra

247 1683 462 1770 corporibus,
473 1690 585 1748 tamen
599 1682 734 1746 alituum
750 1703 856 1767 genus
872 1691 974 1767 atque
989 1683 1134 1748 ferarum

249 1804 307 1861 aut
320 1797 439 1882 procul
453 1796 642 1882 apsiliebat,
653 1803 692 1860 ut
707 1817 816 1860 acrem
832 1796 959 1861 exciret
973 1796 1126 1872 odorem,

249 1917 323 1986 aut,
333 1911 391 1974 ubi
405 1917 573 1997 gustarat,
587 1909 767 1996 languebat
779 1920 888 1975 morte
903 1912 1107 1998 propinqua.

249 2047 311 2090 nec
325 2035 436 2090 tamen
451 2025 584 2088 omniuo
599 2032 723 2089 temere
737 2025 800 2089 illis
814 2025 941 2088 solibus
955 2025 1024 2090 ulla

167 2155 232 2204 1220
248 2139 463 2226 comparebat
476 2139 547 2203 avis
557 2187 564 2216 ‚
574 2160 638 2204 nec
652 2139 760 2204 tristia
775 2139 885 2203 saecla
897 2137 1043 2203 ferarum

249 2254 406 2319 excibant
421 2253 528 2318 silvis:
540 2253 745 2340 languebant
757 2253 918 2340 pleraque
931 2255 1050 2320 morbo

250 2376 285 2433 et
299 2369 543 2432 moriebantur.
554 2389 627 2431 eum
644 2369 757 2453 primis
770 2367 840 2432 fida
855 2389 972 2432 canum
987 2369 1038 2432 vis

186 2497 189 2505 '
249 2489 356 2546 strata
370 2482 431 2546 viis
446 2483 586 2545 animam
601 2483 750 2567 ponebat
763 2483 797 2546 in
812 2483 964 2546 omnibus
979 2503 1095 2569 aegre:

249 2596 474 2681 extorquebat
488 2595 572 2658 enim
589 2594 689 2658 vitam
703 2595 754 2660 vis
768 2594 923 2659 morbida
936 2597 1106 2661 membris

168 2705 309 2774 12221122
324 2709 410 2774 12212
424 2707 549 2772 remedi
564 2707 745 2772 communis
761 2715 854 2772 certa
869 2708 1028 2774 dabatur:

249 2845 326 2888 nam
341 2819 435 2910 quod
449 2821 492 2886 ali
507 2820 649 2886 dederat
661 2821 772 2887 vitalis
787 2822 872 2887 aeris
888 2844 987 2888 auras

183 2937 188 2948 “
248 2939 386 3003 volvere
399 2937 434 3000 in
448 2958 506 3002 ore
520 2936 622 3001 licere
637 2943 671 3002 et
686 2936 768 3000 caeli
783 2937 906 3023 templa
919 2939 1022 3016 tueri,

249 3053 316 3118 hoo
330 3053 402 3118 aliis
418 3061 490 3117 erat
505 3051 606 3116 exitio
621 3051 793 3137 letumque
806 3053 961 3139 parabat.

169 3186 233 3233 1230
289 3166 376 3232 Illud
390 3167 424 3231 in
438 3165 492 3230 his
507 3166 608 3230 rebus
623 3165 846 3230 miserandum
859 3187 1063 3253 magnopere
1077 3189 1178 3231 unum

250 3281 472 3347 aerumnabile
488 3287 576 3356 erat,
587 3279 680 3365 quod
694 3280 751 3344 ubi
765 3301 802 3344 se
818 3281 959 3366 quisque
973 3280 1112 3346 videbat

248 3395 441 3483 implicitum
454 3394 589 3469 morbc,
600 3394 699 3459 morti
714 3392 892 3459 damnatus
907 3402 946 3457 ut
960 3401 1064 3471 esset,

251 3508 409 3573 deficiens
424 3507 532 3570 animo
546 3515 676 3574 maesto
691 3511 766 3573 cum
781 3506 883 3572 corde
897 3507 1044 3582 iacebat,

249 3621 368 3686 funera
381 3627 575 3706 respectans
589 3621 729 3686 animam
745 3621 918 3686 amittebat
931 3619 1070 3684 ibidem,

169 3753 234 3800 1212
250 3735 374 3822 quippe
389 3734 508 3800 etenim
523 3733 614 3798 nullo
630 3737 809 3800 cessabant
821 3742 973 3820 tempore
988 3736 1091 3821 apisci

252 3870 293 3912 ex
308 3849 380 3913 aliis
395 3849 478 3913 alios
492 3845 753 3934 avidi‘contagia
765 3850 888 3924 morbi,

170 3979 234 4026 1215
249 3961 497 4047 lanigeras-tam
513 3983 611 4048 quam
626 3961 775 4049 pecudes
791 3969 825 4027 et
839 3963 964 4028 bucera
978 3963 1103 4028 saecla.

171 4093 233 4140 1221
249 4075 352 4160 idque
367 4075 421 4140 vel
435 4075 469 4140 in
483 4076 597 4162 primis
611 4077 802 4142 cumulabat
815 4076 932 4142 lunera
946 4075 1061 4141 funus.

253 4260 454 4270 ,-....---

256 4361 320 4408 1212
339 4355 372 4408 112
390 4355 537 4408 incusserat
563 4355 573 4425 11
603 4361 666 4408 1213
685 4358 750 4410 eiam
774 4355 785 4425 11
814 4360 876 4407 1217
897 4355 1025 4426 2112112211
1046 4356 1165 4410 1220212
1184 4357 1194 4425 11
1215 4361 1277 4409 1221
1298 4353 1380 4410 Exie-

253 4437 346 4507 11211211
368 4443 432 4490 1228
451 4437 517 4490 turi.
535 4437 546 4508 11
568 4443 631 4490 1235
651 4439 756 4510 apiscit.
