2990 5182
623 509 672 576 Vl
1130 513 1196 580 371

92 709 149 772 quo
162 685 261 768 mepte
275 682 355 747 ferri
370 691 507 766 posset,
528 682 612 748 illud
628 704 696 747 non
711 683 790 747 item
804 733 810 746 .
832 683 1016 749 Lambinus
1030 686 1116 749 bene
1125 689 1198 772 plu-

92 785 230 868 rimaque
244 782 333 846 laisa
344 807 354 845 :
376 781 438 846 sed
454 782 566 867 potuit
579 782 721 867 propius
736 781 780 845 ad
796 781 925 848 litteras
940 783 1104 848 accedere
1119 787 1201 850 scri-

92 878 205 943 bendo
221 901 333 953 arus,
355 888 393 942 ut
407 879 468 944 694
483 881 592 944 montis
605 881 648 943 ad
661 881 725 942 eius
741 881 891 942 Radices.
913 880 948 943 in
964 902 1009 956 rv,
1018 880 1080 944 260
1096 883 1199 946 Porti-

93 979 194 1040 ealam
207 978 284 1041 venti
298 979 408 1041 andire
422 977 588 1064 etsriyorie
602 979 681 1042 eius.

174 1073 244 1138 424.
267 1073 507 1140 Parsrasas
529 1097 679 1139 unsar.
703 1073 883 1138 Corrector
907 1072 1064 1158 quadrati
1091 1077 1200 1142 Graii.

90 1171 173 1237 alias
187 1175 400 1238 membranae
415 1195 548 1260 semper
566 1173 665 1253 Grai,
686 1175 803 1257 itaque
817 1173 985 1237 Antonius
1001 1181 1036 1237 et
1049 1173 1200 1239 Brixian-

91 1272 154 1335 sis:
169 1270 225 1334 hic
240 1269 367 1356 duplex
381 1274 393 1334 i
405 1271 558 1340 relictum
573 1281 643 1345 est,
659 1272 737 1356 quia
751 1269 929 1334 Lucretius
946 1279 980 1334 et
994 1271 1201 1355 antiquiores

92 1368 218 1434 librarii
240 1369 447 1454 scripserant
468 1392 611 1434 enarrer
634 1368 688 1432 vel
714 1369 855 1434 Graiiei.
885 1369 990 1435 Gradi
1010 1377 1123 1432 tamen
1145 1369 1202 1432 vix

91 1487 247 1551 umquam
259 1467 384 1532 lectum
396 1489 471 1532 esse
482 1467 654 1540 existimo,
669 1487 779 1550 neque
795 1467 907 1530 coiiicit
919 1474 979 1530 aut
993 1467 1099 1546 edicit,
1116 1488 1202 1551 quae

91 1565 213 1628 Velius
230 1565 368 1651 Longus
384 1564 506 1652 p.2219
522 1574 556 1628 et
571 1563 653 1628 2232
674 1562 840 1638 admittit,
862 1585 924 1627 nec
945 1563 1048 1627 multo
1068 1566 1203 1648 saepius

89 1665 209 1741 eoiieit,
231 1663 383 1748 quamvis
399 1663 623 1743 Quintilianus
638 1669 802 1749 agnoscat
815 1663 849 1725 in
864 1685 886 1736 r,
896 1663 926 1737 4,
938 1663 996 1737 ll,
1019 1672 1057 1726 ut
1072 1662 1142 1727 dixi
1158 1663 1200 1727 ad

93 1759 158 1824 Gai
174 1761 444 1824 commentarium
461 1783 511 1837 nr,
523 1760 598 1836 119,
614 1761 782 1832 antdicte,
798 1759 948 1844 aLongo
959 1760 993 1823 in
1005 1762 1202 1846 quaestione

89 1859 256 1942 positum:
273 1865 307 1922 et
322 1859 474 1942 Pompeiii
488 1859 679 1944 genetivum
694 1863 827 1922 veteres
844 1879 905 1942 per
920 1858 986 1920 tria
1001 1861 1013 1920 i
1026 1859 1202 1944 scripsisse

91 1977 169 2020 cum
192 1954 275 2019 dicit
294 1954 487 2019 Priscianus
501 1977 533 2039 p.
543 1955 624 2030 545,
645 1955 760 2041 fingit,
782 1964 886 2039 put0‚
910 1955 1003 2040 quod
1022 1978 1203 2040 numquam

91 2053 250 2127 viderat.

175 2151 246 2215 426.
268 2173 347 2216 rau
370 2173 469 2216 cun.
491 2151 567 2214 Itali
583 2161 617 2214 et
631 2151 787 2234 impressi
809 2171 1028 2226 rancura,
1049 2159 1089 2215 ut
1103 2173 1204 2216 versu

91 2251 175 2314 433.
198 2248 260 2313 sed
270 2248 501 2313 Wakefieldus
515 2268 618 2312 versu
634 2248 787 2334 proximo
801 2249 915 2332 inepte
930 2249 1125 2328 descmdmrt,
1147 2252 1204 2316 ubi

91 2348 261 2432 oblongus
275 2347 446 2425 discordat,
461 2353 499 2409 ut
515 2345 702 2430 quadratus
717 2367 796 2408 mox
811 2368 913 2432 versu
925 2345 988 2411 438
1002 2347 1163 2412 discendit.

177 2445 249 2510 428.
270 2466 445 2508 nacrrn.
467 2443 544 2508 ltali
565 2465 730 2508 rucrrn.

177 2541 248 2606 430.
271 2563 476 2605 vnuruns.
497 2539 602 2604 lmmo
624 2561 829 2604 vsurnnr.
857 2541 924 2604 hoc
946 2543 1082 2606 suavius
1106 2563 1204 2627 quam

92 2642 121 2704 si
141 2641 176 2705 in
199 2641 372 2726 superiore
392 2661 494 2704 versu
516 2639 702 2704 scribamus
724 2649 787 2702 tam
806 2650 894 2720 aunt,
917 2640 1011 2725 quod
1030 2639 1113 2704 fecit
1127 2649 1206 2706 ante

92 2738 291 2803 Lambinum
306 2739 473 2804 Antonius
487 2737 602 2802 Marii.

176 2835 246 2921 434.
261 2857 534 2911 srncnrroun.
546 2835 724 2899 Lucretius
736 2836 810 2918 ipse
822 2835 1010 2910 scribebat,
1022 2837 1084 2899 nisi
1096 2835 1205 2912 fallor,

91 2935 239 3021 brucique
258 2933 314 2996 vel
334 2934 514 3018 broccique.
536 2935 698 3017 tractoque
719 2943 823 3016 aperto
845 2933 950 2995 estin
970 2933 1044 3017 lege
1063 2932 1207 2998 Servilia

92 3055 126 3116 p.
137 3031 177 3093 62
191 3079 197 3092 .
220 3029 330 3093 nostri
344 3029 480 3092 codices
496 3049 663 3090 consensu
678 3029 804 3090 baebia
819 3028 981 3091 exhibent
994 3030 1028 3092 in
1044 3050 1088 3102 nv,
1096 3030 1158 3092 769
1173 3040 1208 3094 et

91 3127 175 3202 790,
191 3123 252 3189 sed
266 3123 367 3188 iidem
378 3149 396 3187 r
407 3125 531 3188 omisso
547 3123 673 3187 bucolia
687 3125 722 3187 in
737 3147 780 3198 rv,
789 3123 851 3188 829
867 3124 928 3207 (sic
938 3124 1111 3189 Mediceus
1121 3126 1207 3191 Ver·

92 3223 167 3310 gilii
181 3224 263 3286 Aen.
278 3245 337 3296 xn,
347 3221 408 3286 209
428 3222 536 3306 prima
556 3242 654 3284 mauu
670 3269 678 3295 ,
698 3221 778 3285 item
793 3220 967 3286 Mediceus
982 3220 1149 3287 Varronis
1165 3224 1208 3288 de

91 3323 211 3406 lingua
231 3319 354 3384 Latina
374 3343 393 3383 v
411 3341 443 3404 p.
452 3318 493 3384 20
513 3320 642 3384 clamide
662 3321 781 3405 stupent
800 3319 956 3382 bacchium
966 3368 975 3398 ,
997 3321 1055 3384 ubi
1077 3319 1207 3386 Nonius

92 3441 127 3504 p.
136 3419 187 3495 87,
195 3418 236 3482 26
247 3419 407 3492 etacciann,
418 3418 497 3482 item
508 3418 665 3482 bacchium
677 3416 768 3502 apud
779 3415 926 3481 Nonium
937 3439 969 3502 p.
979 3418 990 3480 l
1000 3418 1046 3492 17,
1053 3417 1108 3493 26,
1122 3417 1206 3485 Gro-

93 3517 263 3602 ninganus
274 3515 444 3598 Propertii
459 3515 584 3579 bacchio
596 3537 639 3589 ιν,
653 3516 697 3590 14,
706 3515 726 3580 5
735 3515 764 3598 ),
779 3515 922 3579 baculata
937 3515 1104 3602 oblongus
1118 3518 1152 3582 in
1164 3541 1208 3592 ιν,

93 3615 158 3680 952
174 3623 209 3679 et
222 3613 409 3700 quadratus
423 3614 458 3677 in
472 3636 517 3689 vr,
526 3613 586 3678 397
603 3614 709 3677 altero
725 3614 906 3698 utrobique
920 3623 1148 3700 repugnante,
1171 3625 1210 3679 ut

94 3719 261 3799 appareat
281 3712 438 3776 librarios
460 3733 587 3776 morem
609 3719 779 3776 vetustum
801 3733 882 3776 suae
898 3712 1134 3777 consuetudini
1149 3735 1208 3796 pa-

95 3821 211 3877 rentes
223 3811 447 3895 depravasse.
463 3811 577 3895 itaque
588 3810 644 3874 hic
657 3801 800 3874 scribon
810 3833 961 3874 nnccnr
971 3835 990 3887 Q
999 3833 1061 3884 us,
1076 3817 1110 3872 et
1122 3811 1209 3874 brac·

95 3908 572 3974 cdiaconstanter.braecdium
581 3907 1098 3994 digestaFlorentina,braetiam
1107 3907 1209 3973 libro-
1253 3909 1258 3918 “

95 4029 171 4073 rum
187 4029 361 4072 sacrorum
377 4006 531 4072 codices.

182 4105 252 4170 436.
273 4127 400 4170 vuar.
422 4105 478 4170 Sic
495 4105 679 4190 oblongus,
693 4115 795 4169 ventas
811 4105 1015 4190 quadratus.
1037 4113 1211 4170 corrector

97 4203 238 4289 oblongi
252 4225 390 4268 vnnrr.

181 4301 251 4365 440.
275 4323 477 4365 nussurr.
501 4302 683 4367 Corrector
706 4301 842 4387 oblongi
864 4301 1013 4366 detrudit.
1029 4299 1210 4364 Lambinus

98 4399 227 4464 rectius
241 4420 463 4465 nsrnusrr.

950 4497 1011 4560 24·
