2972 5188
664 489 697 556 V
1160 491 1230 562 299

127 701 161 712 -
172 663 311 748 postu,
331 663 366 728 in
381 661 494 744 1v,6tl
510 663 730 730 5515515655.
752 683 827 728 cum
847 661 1017 750 quadrato
1039 664 1186 730 concinit
1199 665 1234 728 in

125 783 159 837 5,
168 759 230 826 245
244 761 398 828 wanno
413 760 497 825 5115
510 781 556 836 vr,
564 758 626 824 725
640 761 777 845 opilare:
791 760 851 826 sed
868 753 988 826 versus
1002 760 1078 827 libri
1090 784 1112 826 v
1122 761 1184 827 952
1199 763 1234 828 in

126 855 295 944 quadrato
311 867 365 924 est
377 859 466 924 inter
481 858 707 935 extraclusis,
728 877 839 944 neque
856 859 936 924 mihi
949 860 1170 944 improbabile
1184 861 1234 925 vi·

124 955 225 1022 detur
246 956 322 1041 ipso
345 956 501 1024 codicum
520 964 715 1023 nostrorum
745 957 934 1042 archetypo
960 979 1056 1022 usum
1079 979 1154 1024 esse
1176 959 1234 1043 qui

124 1052 210 1118 haee
232 1061 395 1139 excerpta
416 1053 585 1135 confecit,
609 1056 667 1140 qui
686 1075 756 1120 non
777 1053 842 1120 iuit
863 1052 992 1120 codicis
1006 1054 1235 1140 Sangallensis

125 1150 285 1235 scriptor.
296 1152 419 1218 horum
428 1151 893 1238 excerptorummihiccpiem
902 1150 984 1216 fecit
991 1149 1075 1217 Otto
1082 1153 1234 1218 Iahnius.

125 1247 216 1314 Mico
230 1248 439 1316 Centulauus
452 1250 575 1326 levita,
597 1250 655 1336 qui
675 1249 761 1314 vixit
775 1247 896 1314 eodem
910 1248 1045 1314 saeculo
1059 1270 1151 1314 nono
1166 1251 1234 1314 ine·

125 1354 226 1422 unte,
247 1348 281 1411 15
296 1347 443 1412 1115511555
458 1369 527 1433 555
542 1346 696 1433 exempla
710 1347 909 1432 quantitatis
923 1346 1166 1412 vocabulorum
1182 1367 1235 1412 or·
1357 1371 1368 1383 ·

128 1441 206 1506 6155
220 1443 438 1528 alphabetico
453 1445 604 1532 collegit,
621 1453 692 1510 tres
706 1444 855 1510 Lucretii
868 1465 988 1510 versus
1002 1465 1021 1508 5
1034 1444 1123 1510 libro
1138 1467 1163 1508 rr
1174 1444 1235 1508 447

129 1537 191 1604 128
202 1540 264 1606 365
278 1541 440 1608 coniecit:
462 1541 497 1606 in
519 1543 590 1608 eius
603 1541 706 1608 libelli
721 1541 840 1606 codice
852 1540 1148 1608 Halberstadiensi
1162 1563 1236 1607 sae·

127 1635 204 1702 culo
219 1639 319 1704 tertio
339 1637 471 1706 decimo
492 1639 639 1726 scripto,
662 1660 761 1725 quem
776 1640 857 1705 mihi
870 1640 1054 1706 Mauricius
1066 1639 1237 1726 Hauptius

127 1734 296 1812 ostendit,
311 1736 475 1823 scriptum
484 1749 538 1802 est
547 1744 587 1802 ut
597 1737 703 1804 debet
712 1738 866 1804 Dciccre
876 1749 989 1824 555551
998 1738 1134 1804 moinum
1144 1761 1236 1804 cara·
1316 1771 1322 1784 ·

127 1853 185 1917 que
198 1833 297 1898 levore
304 1882 314 1914 ,
329 1855 404 1898 cum
418 1835 607 1920 quadratus
621 1835 749 1902 habeat
763 1835 930 1916 111νὲ5555,
943 1834 1112 1921 oblongus
1126 1857 1147 1900 a
1161 1857 1236 1902 cor·

127 1938 262 1995 rectore
276 1933 428 2020 5555555.
1075 1999 1080 2006 .

182 2029 282 2094 ,563.
312 2029 557 2096 Couroscrr
586 2054 753 2096 555515.
784 2031 860 2097 11511
881 2037 917 2096 51
936 2029 1101 2096 Marullus
1131 2031 1237 2096 Cors-

128 2147 320 2194 ruuorus.

211 2225 281 2290 566.
304 2248 425 2290 rorans
453 2247 608 2290 555155
639 2248 820 2292 5555555
842 2227 1074 2292 Antronas.
1096 2227 1239 2292 Adlicere

129 2341 203 2386 cum
219 2323 265 2387 sit
277 2323 372 2388 155151
386 2323 441 2394 vcl
454 2323 585 2388 adiecta
595 2324 820 2400 ceutronum,
835 2325 933 2389 unice
946 2345 1063 2390 verum
1078 2331 1131 2388 est
1146 2323 1238 2409 quod

127 2419 310 2486 Lambinus
331 2421 446 2506 posuit
465 2420 614 2504 (urbane
629 2419 791 2508 Forbiger
812 2443 856 2486 ex
876 2422 949 2486 eius
962 2422 1097 2508 ingenio
1109 2421 1239 2512 flaviam

129 2516 231 2603 dicit)
246 2519 391 2584 Adiicere
402 2565 411 2594 ‚
424 2519 490 2584 nisi
504 2518 598 2604 quod
612 2528 671 2586 aut
686 2526 849 2586 consueto
864 2526 1017 2584 veterum
1030 2539 1125 2584 more
1138 2521 1239 2584 Aor-

129 2637 230 2680 5555
250 2616 466 2684 scribendum
486 2625 558 2692 est,
580 2626 640 2682 aut
660 2618 770 2682 minus
792 2616 943 2703 vulgari,
966 2615 1011 2682 de
1026 2638 1094 2702 quo
1110 2615 1180 2684 dixi
1195 2617 1239 2682 56
1360 2677 1369 2692 ,

128 2713 250 2780 librum
264 2737 299 2790 5,
309 2714 387 2794 951,
401 2715 566 2780 5151155555.

213 2812 283 2878 568.
306 2812 432 2878 115551
460 2835 546 2878 rrsr
577 2833 860 2876 rursnvsnnrs
889 2835 936 2878 55
967 2835 1149 2880 5555555
1179 2835 1239 2878 nr·

131 2931 265 2974 55555
288 2907 567 2974 1555115555.
589 2909 756 2974 Antonius
770 2909 871 2974 Marii
885 2911 1004 2996 Nilque
1017 2911 1077 2974 5151
1090 2933 1129 2974 ea
1147 2912 1239 2976 iuter·

130 3007 236 3082 collis,
259 3027 327 3092 quo
347 3007 435 3070 male
457 3007 603 3089 probato
625 3005 837 3088 (5111155155
857 3005 903 3070 ad
925 3007 1125 3070 sententiam
1140 3007 1240 3092 facit)

131 3104 296 3169 Marullus
316 3103 504 3168 rectissime
525 3103 661 3187 scripsit
681 3125 854 3166 515555.
875 3102 1066 3187 Naugerius
1089 3104 1149 3169 Nil
1166 3106 1242 3189 55515

132 3201 316 3274 interuallis,
337 3200 520 3265 Lambinus
541 3200 605 3264 1115
625 3201 694 3284 ipso
714 3200 876 3264 interuallo
895 3199 976 3264 citit
985 3246 993 3273 ,
1016 3198 1168 3265 Gifanius
1183 3201 1244 3264 Nil

131 3301 218 3362 5155
226 3299 403 3378 laumello,
414 3297 647 3364 Wakefieldus
662 3297 756 3364 Ntttl
767 3300 835 3383 ipsc
848 3299 1010 3364 intervallo
1023 3299 1127 3378 15515,
1140 3296 1241 3364 Eich-

131 3395 264 3462 stadius
274 3397 336 3462 Nil
347 3399 457 3462 5515555
469 3397 668 3462 1555511515.
683 3396 803 3462 horum
818 3395 903 3463 nihil
916 3417 1033 3462 verum
1048 3417 1122 3462 esse
1137 3416 1242 3482 appa-

131 3502 201 3560 ret:
215 3492 494 3558 Eichstadianum
507 3495 543 3560 15
555 3494 672 3580 primis
685 3493 839 3560 mirabile
852 3501 922 3570 est,
938 3516 1005 3581 quo
1020 3495 1115 3580 ipsae
1128 3492 1242 3558 radio·

132 3613 206 3658 rum
227 3592 424 3658 emissiones
444 3600 542 3658 tanto
561 3592 739 3658 intervallo
753 3592 866 3659 factae
880 3592 965 3658 nihil
979 3591 1023 3658 de
1036 3591 1242 3656 flammarum

132 3711 278 3776 corpore
289 3689 501 3756 decorticare
512 3690 687 3757 dicuntur:
701 3691 863 3776 probavit
876 3692 964 3758 enim
978 3691 1106 3768 1115551,
1121 3710 1190 3754 555
1204 3691 1242 3754 t·-

131 3790 219 3854 bom.
234 3787 852 3874 5511115516155551155656551155515
867 3787 936 3854 dici
949 3808 1051 3874 posse
1066 3807 1135 3850 non
1149 3786 1243 3852 vide·

133 3897 208 3952 tur:
230 3885 293 3952 sed
315 3887 473 3973 quoniam
491 3887 599 3972 spathis
618 3886 685 3952 hoo
703 3885 971 3950 commodissime
986 3884 1192 3950 adscribitur
1205 3890 1244 3948 ut

133 3985 178 4050 ds
191 3986 315 4072 ignium
328 4005 474 4070 corpore
483 3992 544 4048 aut
554 3982 682 4069 aliquid
694 3992 752 4050 aut
761 3982 847 4047 nihil
856 3981 963 4048 libent
975 3981 1170 4056 demontus,
1183 4003 1242 4067 po·

134 4092 204 4150 test
218 4085 301 4148 satis
316 4091 395 4169 apte
410 4083 523 4148 hiatus
540 4085 590 4148 115
610 4081 757 4166 expleri,
779 4082 840 4146 Nil
858 4102 906 4144 ss
928 4103 968 4144 55
992 4101 1059 4146 urs
1079 4080 1245 4146 1515555115

132 4183 311 4268 decerpere
325 4183 421 4247 libant
434 4180 665 4248 Flammarum.

70 4297 72 4300 ’
217 4279 287 4346 576.
310 4280 381 4344 574.
408 4279 682 4344 Pnnvnuruur
711 4298 894 4342 uosruos
921 4297 970 4340 55
999 4299 1170 4348 555555,
1199 4295 1244 4336 sn

134 4401 241 4443 noos
263 4399 469 4442 5555555.
492 4377 587 4444 Η555
608 4377 687 4462 5515
705 4397 775 4440 555
796 4373 842 4440 56
862 4375 972 4440 lumen
993 4374 1094 4448 solis,
1116 4369 1177 4435 sed
1200 4367 1244 4434 56

135 4477 269 4542 colorem
283 4478 444 4562 lutuosaque
452 4477 616 4564 profusum
638 4482 815 4560 spectant,
835 4495 903 4539 non
924 4473 1114 4544 sullioiunt3
1135 4487 1245 4551 55555
