2970 5268
642 493 704 561 1111
1171 499 1236 564 131

103 691 147 732 an
162 675 325 754 poterunt
339 667 456 732 oeulos
470 687 569 730 aures
584 666 849 753 reprehendere,
860 689 903 732 en
918 689 1016 732 eures

100 791 217 846 taetus
227 782 244 845 ?
255 803 299 845 en
313 781 403 844 buno
417 801 520 866 porro
535 788 662 846 tectum
676 801 779 867 sapor
794 790 911 866 arguet
926 783 1010 858 oris,

103 919 147 960 en
161 895 388 961 confutabunt
401 915 500 960 neres
516 895 646 959 oculive
659 895 855 960 revincent?

98 1032 187 1086 non,
200 1019 240 1074 ut
254 1010 391 1097 opinor,
402 1009 451 1073 ita
466 1020 534 1073 est.
546 1031 624 1074 nem
638 1031 790 1074 seorsum
805 1011 925 1095 cuique
939 1021 1092 1096 potestas

5 1207 6 1232 Χ
44 1142 80 1184 nr
100 1123 334 1201 divisast‚sua
347 1124 398 1188 vis
413 1124 583 1207 cuiquest,
594 1123 739 1211 ideoque
755 1145 893 1188 necesse
909 1135 961 1188 est

103 1247 137 1304 et
151 1237 251 1324 quod
264 1237 363 1302 molle
378 1238 422 1302 sit
437 1248 472 1302 et
485 1236 631 1324 gelidum
644 1237 822 1304 fervensve
837 1259 990 1304 seorsum

101 1365 134 1418 et
149 1375 307 1418 seorsum
321 1353 434 1417 varios
449 1374 560 1417 rerum
574 1355 697 1418 sentire
714 1353 863 1428 colores,

103 1479 135 1532 et
150 1488 242 1554 quae
258 1488 400 1552 cumque
415 1467 575 1532 coloribu'
590 1468 658 1532 sint
672 1469 851 1532 coniuncte
864 1466 995 1533 videre:

103 1603 244 1647 seorsus
259 1583 339 1646 item
353 1603 456 1669 sapor
471 1583 539 1646 oris
554 1582 658 1648 hebet
672 1583 755 1656 vim,
767 1602 903 1646 seorsus
919 1582 1042 1648 odores

45 1713 81 1758 os
101 1705 307 1772 nascimur,
319 1717 451 1760 sorsum
466 1697 595 1761 sonitus
605 1744 611 1759 .
623 1694 769 1780 ideoque
783 1716 922 1760 neccsse
938 1708 990 1761 est

102 1833 174 1875 non
189 1810 322 1897 possint
336 1810 420 1874 alios
434 1811 489 1875 olii
504 1811 702 1875 convincere
717 1831 854 1875 sensus.

102 1947 168 1989 nee
184 1945 288 2010 porro
304 1934 466 2009 poterunt
479 1925 542 2010 ipsi
557 1923 805 2011 reprehendere
821 1947 910 1999 sese,

104 2061 217 2125 aeque
230 2037 316 2102 fides
332 2040 487 2122 quoniam
504 2038 641 2104 debebit
655 2060 785 2124 semper
800 2039 936 2104 haberi.

104 2153 249 2240 proinde
265 2151 357 2239 quod
371 2153 405 2216 in
422 2162 590 2239 quoquest
604 2153 657 2217 his
671 2154 778 2218 visum
794 2161 944 2238 tempore
954 2203 962 2229 ,
973 2167 1138 2222 verumst.

45 2285 83 2328 nn
108 2268 184 2333 etsi
199 2289 268 2332 non
282 2267 407 2355 poterit
420 2267 507 2331 ratio
523 2266 707 2331 dissolvere
723 2288 871 2342 causam,

108 2405 168 2446 eur
182 2403 223 2446 ee
237 2403 322 2468 quae
336 2381 460 2445 firerint
473 2381 590 2444 iuxtim
607 2380 773 2465 quadrata
782 2429 790 2458 ,
800 2384 920 2470 procul
937 2383 1003 2448 sint

108 2499 181 2561 vise
193 2495 357 2570 rutunda,
369 2503 479 2560 temen
495 2504 647 2582 praestet
661 2497 800 2561 rationis
817 2505 969 2582 egentem

107 2609 251 2674 reddere
266 2608 425 2676 mendose
440 2629 559 2674 causas
574 2611 748 2697 utriusque
761 2611 903 2698 figurae,

112 2747 211 2810 quam
226 2726 376 2790 manibus
391 2723 564 2790 manifeste
579 2727 648 2790 suis
663 2715 814 2791 emittere
830 2747 998 2812 quoquam

45 2856 87 2898 πε,
108 2849 143 2904 et
157 2841 282 2904 violare
296 2839 395 2903 fidem
410 2839 549 2926 primam
567 2847 601 2905 et
615 2841 804 2905 convellere
819 2849 893 2905 tota

108 2953 324 3019 fundamento
339 2955 459 3041 quibus
473 2956 608 3018 nixatur
622 2955 691 3018 vite
705 2954 876 3037 salusque.

110 3091 178 3132 non
192 3068 294 3134 modo
311 3070 396 3132 enim
410 3070 497 3133 ratio
512 3076 588 3132 ruet
604 3068 727 3141 omnis,
738 3068 808 3130 vita
824 3061 959 3151 quoque
972 3069 1045 3151 ipse
1137 3137 1140 3143 ,

109 3183 265 3248 concidat
280 3184 465 3270 extemplo,
477 3182 540 3246 nisi
555 3179 693 3246 credere
707 3181 862 3246 sensibus
876 3181 982 3254 ensis,

108 3299 368 3385 praecipitisque
382 3299 477 3378 locos
492 3297 599 3360 vitare
615 3304 649 3361 et
663 3304 776 3361 cetere
792 3315 878 3381 quae
893 3295 961 3360 sint

52 3429 89 3474 no
107 3414 143 3476 in
156 3434 278 3499 genere
292 3413 359 3477 hoc
373 3410 547 3499 fugiende,
558 3413 653 3498 sequi
669 3412 836 3476 contrarie
851 3431 935 3494 quae
951 3411 1032 3476 sint.

109 3528 163 3590 illa
177 3529 237 3593 tibi
252 3536 304 3594 est
317 3529 417 3615 igitur
431 3528 610 3592 verborum
626 3529 723 3614 copia
737 3547 835 3592 casse

110 3643 230 3717 omnis,
244 3663 330 3730 quae
345 3651 463 3708 contre
477 3664 595 3708 sensus
609 3643 773 3707 instructa
786 3652 954 3729 paretest.

110 3755 252 3844 denique
265 3767 305 3822 ut
318 3758 353 3822 in
367 3757 510 3833 fabrica,
521 3758 549 3821 si
564 3766 704 3843 pravast
716 3757 832 3842 regule
846 3757 968 3843 prium,

111 3894 291 3959 nemoque
307 3874 335 3938 si
348 3872 451 3938 fallax
464 3872 566 3938 rectis
582 3873 771 3956 regionibus
787 3872 869 3946 exit,

52 4003 89 4047 515
111 3997 142 4050 et
155 3988 266 4052 libella
280 3987 390 4073 alique
405 3989 432 4052 si
448 4009 489 4050 ex
506 3987 592 4072 perti
609 3985 774 4050 claudicet
788 3986 905 4059 hilum,

112 4307 160 4352 486
177 4303 278 4372 poterit
305 4303 315 4371 lt
344 4309 390 4354 491
413 4301 510 4356 videri.
535 4304 545 4371 Ν
569 4308 618 4353 493
637 4308 789 4352 necessest.
808 4301 817 4367 9
837 4305 885 4350 tet
905 4299 1058 4354 Nascantur
1077 4302 1087 4368 ΙΙ
1106 4305 1157 4350 tet
1175 4317 1240 4369 pos-

111 4395 172 4438 sunt
191 4387 200 4444 t
220 4393 270 4438 498
290 4388 385 4456 Aeque
404 4387 414 4453 ΙΙ
434 4393 483 4440 500
500 4387 603 4456 poteris
622 4386 632 4448 tt
651 4391 697 4436 501
714 4383 804 4436 iustim
816 4382 969 4452 quadratam
988 4385 999 4453 ΙΙ
1019 4389 1067 4436 502
1083 4383 1210 4452 egentior.
1230 4384 1255 4452 Η,

112 4475 160 4520 514
178 4469 229 4521 sibi

995 4567 1037 4626 9,
