2990 5182
260 481 331 549 398
793 479 840 546 VI

257 635 413 719 valiam
433 664 462 716 el
481 655 613 717 aliorum
633 653 836 718 temerares
857 655 926 716 nisu
946 677 1036 738 saepe
1051 655 1172 739 aliquid
1185 657 1295 718 cessari
1309 657 1374 720 die-

256 764 319 816 tum
334 763 376 816 est
389 753 428 816 ab
443 753 593 838 00119010.
614 763 649 816 01
662 751 825 816 Metius
838 753 858 815 l.
874 775 926 816 1111
948 751 1010 816 istc
1024 753 1076 816 ebt
1089 752 1208 816 nexari
1222 766 1376 838 nequeunt

192 887 195 894 ι
256 852 448 936 insistereque
459 851 531 914 alis.
544 870 586 913 ex
596 851 671 935 ipsa
682 850 852 934 scriptura
861 849 1105 936 apparetFesti
1116 871 1267 915 errorem
1281 874 1374 924 esse,

259 948 316 1032 qui
331 947 487 1012 Verrium
502 949 587 1012 male
603 948 826 1012 contraxerit.
887 1007 891 1014 .

341 1068 419 1110 000
440 1068 609 1123 squaru
633 1067 985 1110 surrrsnrsrers
1008 1046 1373 1110 serernmmmdbt

259 1141 342 1221 Qus
364 1164 588 1208 rnrcrnroa
609 1165 740 1207 roseo
763 1167 805 1208 ru
828 1142 1159 1208 sursrs.Schedac
1175 1145 1372 1229 couetsri-

255 1242 357 1324 pidici·
369 1242 423 1304 sit.
440 1240 577 1328 capituli
592 1241 668 1305 loco
684 1241 831 1326 spatium
843 1261 986 1305 vacuum
996 1239 1101 1308 babet
1112 1241 1320 1326 quadratus,
1336 1252 1373 1306 ut

258 1360 406 1425 semper:
421 1339 529 1414 idem,
548 1340 576 1419 Q
590 1340 703 1404 littera
717 1340 797 1403 item
809 1339 957 1404 demere
969 1339 1113 1414 omissa,
1128 1363 1187 1402 reae
1195 1366 1206 1420 ,·
1222 1339 1372 1404 schedae

261 1439 326 1518 Que
347 1460 421 1502 eum
444 1437 612 1524 oblongo.
633 1435 700 1524 hoc
721 1437 757 1500 in
779 1435 857 1500 olim
878 1437 1051 1520 impressis
1069 1438 1132 1502 Cer
1152 1436 1281 1500 iactum
1294 1436 1374 1501 Itali

257 1536 323 1600 iam
338 1535 564 1610 sustulerant,
586 1556 696 1620 neque
718 1534 783 1600 bos
806 1536 862 1619 qui
885 1534 993 1600 secuti
1015 1543 1094 1599 sunt
1111 1535 1175 1599 sibi
1190 1537 1371 1620 quicquam

256 1633 347 1698 ultra
356 1634 585 1719 quaerendum
597 1655 672 1698 esse
684 1633 932 1697 existimarunt.
945 1654 1049 1718 supra
1060 1632 1147 1697 libro
1158 1655 1179 1696 v
1192 1654 1313 1698 versus
1324 1656 1371 1696 ru

258 1729 354 1794 0928
368 1752 476 1816 usque
491 1730 534 1794 ad
551 1731 612 1794 979
627 1729 711 1794 duas
728 1729 855 1794 codicis
873 1731 1094 1815 antiquissimi
1109 1731 1251 1816 paginas
1266 1731 1370 1796 firissc

257 1828 417 1892 vidimus.
432 1828 511 1892 inde
526 1850 633 1914 usque
649 1827 694 1892 ad
709 1849 843 1890 versum
860 1828 940 1892 1444
955 1837 1034 1892 sunt
1049 1830 1197 1892 carmina
1212 1851 1370 1906 croceus,

258 1925 405 2010 capitula
420 1927 501 1990 tria:
516 1927 552 1992 bi
562 1949 681 1992 versus
698 1948 887 1991 ccccnxvm
904 1926 1053 1991 efficiunt
1064 1929 1206 2014 pag'nes
1217 1929 1369 1992 xv111.in

257 2025 381 2110 pagina
396 2023 488 2088 unde
502 2026 662 2112 vigesima
676 2024 815 2088 fuerunt
825 2024 975 2089 Lucretii
990 2045 1108 2089 versus
1123 2026 1242 2110 reliqui
1258 2025 1369 2090 trede-

258 2123 321 2186 cim
337 2131 371 2188 ct
386 2124 534 2208 capitula
548 2124 624 2188 libri
640 2123 728 2188 sexti
742 2131 884 2207 propter
899 2122 1000 2208 spatii
1016 2125 1203 2209 angustiam
1219 2124 1284 2188 bae
1299 2123 1367 2188 fere

256 2221 388 2286 ratione
400 2221 583 2306 disposita.
599 2223 633 2286 in
646 2220 793 2305 oblongo
805 2219 909 2304 index
920 2219 1144 2304 capitulorum
1156 2243 1273 2286 versus
1286 2243 1365 2284 xxvi

202 2395 203 2398 Ἴ
255 2327 366 2393 10001,
383 2341 526 2404 quorum
538 2341 696 2384 numeros
712 2318 932 2404 praescripsi.

192 2473 271 2526 TlTl
285 2473 464 2527 LUCRETll
479 2465 567 2526 C'Ald
580 2430 780 2526 DEIRERUM
794 2471 959 2526 NATURA

191 2556 756 2610 eluituxrtlfflr.1N01P1‘1‘L1avl.
832 2573 936 2612 Autumno
945 2573 1009 2625 mgr.
1019 2575 1102 2612 ssime„
1136 2565 1233 2612 iuni...
1246 2581 1302 2610 ma.
1315 2589 1357 2609 m..

105 2666 112 2674 .
170 2643 178 2678 l
192 2641 233 2688 Qui
242 2641 403 2690 procurationem
411 2641 443 2677 dis
453 2639 544 2677 attribuit
552 2639 629 2684 mundi,
640 2641 681 2678 eibi
689 2641 758 2691 iprum
832 2643 852 2675 ot
861 2638 950 2677 tonitrua
958 2639 1007 2678 lieri.
1101 2645 1125 2676 rt
1134 2645 1240 2678 renuimus
1251 2643 1295 2676 uod·
1308 2651 1378 2676 ems-r.

189 2705 214 2742 de
222 2705 253 2741 di·
263 2704 408 2741 immortalibus
419 2704 566 2742 rellicitudinee
576 2707 705 2742 constituere.
832 2703 862 2740 De
870 2704 966 2742 nubibus.
1137 2717 1162 2740 nr
1174 2715 1298 2740 erenum
1309 2715 1388 2738 inrum

190 2771 220 2808 ne
229 2770 313 2808 tonitru.
801 2769 823 2805 15
833 2769 938 2819 Spirnrule
946 2769 1022 2808 mundi.

190 2835 220 2872 De
228 2834 311 2884 fulgure.
326 2840 345 2872 ln
353 2839 406 2880 Syrie
414 2837 533 2882 quodripedir.
832 2833 861 2872 De
870 2835 977 2872 imbribus.

169 2902 181 2938 5
191 2901 212 2937 In
223 2898 311 2936 nubibus
321 2898 406 2938 zuninei
419 2904 455 2937 cur
463 2913 508 2946 eque
517 2903 535 2936 in
544 2904 601 2947 putris
611 2903 694 2946 {rigidior
833 2898 862 2936 Dr
872 2911 940 2948 ωηυο.

188 2965 245 3014 igneo
254 2964 328 3001 incure.
344 2971 369 3002 rit
378 2975 449 3002 senisu.
832 2964 862 3001 Dc
872 2969 922 3001 terre
929 2969 995 3001 motu.

190 3031 220 3068 De
228 3030 323 3084 fulmine..
331 3035 356 3068 De
364 3035 413 3068 loun
422 3035 444 3067 ad
453 3035 559 3068 tumente.
834 3029 899 3075 eune
907 3041 960 3068 mere
968 3029 1034 3066 maius
1044 3039 1085 3064 non
1095 3028 1135 3066 est.

189 3096 244 3145 Ignis
254 3108 277 3133 ex
286 3095 368 3132 fulmine
377 3101 453 3132 0111111.
467 3101 487 3133 10
496 3109 541 3140 equa
550 3099 616 3132 neem
625 3099 692 3132 orders.
798 3093 823 3132 '20
833 3095 861 3131 De
871 3096 942 3131 Attus.

189 3161 281 3199 Fulmina
289 3162 310 3198 iu
320 3147 453 3198 citerioribus
468 3165 493 3198 Dr
503 3165 550 3196 tonte
560 3163 613 3197 Aradi
623 3165 641 3196 in
649 3173 701 3196 mre.
832 3159 861 3196 De
871 3159 917 3196 Nilo
926 3159 996 3196 durio.

156 3228 180 3265 10
189 3227 275 3264 nubibu·
285 3232 305 3263 rt
313 3226 351 3264 ulto
360 3225 423 3275 gigni.
437 3231 462 3264 Do
471 3229 530 3272 lupide
538 3233 621 3270 megasio,
831 3225 861 3262 De
869 3225 913 3262 loru
923 3225 1006 3262 Auerni.

187 3292 217 3330 Do
226 3291 335 3328 tonitribur
346 3295 364 3327 et
374 3295 495 3326 terremotu.
511 3295 572 3326 Fruere
581 3295 602 3324 rb
612 3295 692 3326 omuibus
702 3296 759 3328 utus.
833 3289 924 3326 (br-uicis
933 3288 1022 3326 „Misenis
1033 3287 1099 3324 sedeur
1109 3287 1198 3324 lliuono
1208 3300 1247 3324 nou
1258 3302 1305 3324 ress.
1357 3305 1360 3314 =

253 3402 330 3466 libri
351 3401 438 3464 sexti
459 3400 613 3465 versibus
636 3402 678 3464 ab
700 3403 795 3465 initio
810 3423 1004 3465 ncocxxmx
1027 3398 1270 3464 adnumerandi
1286 3407 1359 3464 sunt

254 3498 343 3563 tituli
358 3521 436 3567 xix,
458 3497 542 3562 fiunt
557 3521 746 3562 ceccaum:
770 3521 829 3564 eae
852 3507 931 3563 sunt
948 3499 1093 3583 paginae
1108 3519 1241 3561 xxxur.
1262 3497 1313 3560 his
1334 3496 1358 3560 si

253 3596 328 3660 illas
344 3619 403 3658 x1x
418 3597 577 3680 paginas,
600 3617 686 3680 quae
709 3605 806 3660 erant
826 3597 905 3662 libri
926 3597 1034 3682 quinti
1055 3617 1153 3680 pars,
1176 3595 1358 3664 addideris,

253 3690 385 3758 videbis
407 3694 448 3757 ab
474 3693 539 3755 boc
563 3693 711 3776 capitulo
733 3693 827 3779 quod
847 3703 900 3758 cst
926 3696 987 3760 Cur
1001 3705 1086 3780 equa
1098 3697 1133 3758 in
1141 3697 1244 3780 praeis
1258 3705 1360 3760 aestate

245 3792 396 3878 sriqidior
409 3793 448 3854 sit
460 3791 589 3854 initium
605 3813 726 3876 capere
738 3794 894 3879 paginam
907 3793 1217 3879 quinquagesimam
1231 3794 1358 3856 tertiam

254 3893 324 3956 sive
339 3888 497 3966 schedam
513 3913 628 3954 xxvu.
651 3891 706 3954 bic
722 3892 870 3956 calculus
885 3891 1052 3956 ineundus
1067 3891 1148 3966 fuit,
1171 3899 1209 3955 ut
1224 3911 1359 3977 appare·

255 3996 306 4051 ret
326 3988 408 4050 nibil
431 3991 569 4052 obstare
585 4011 652 4074 quo
668 3991 777 4054 minus
792 3990 846 4055 hic
862 3990 990 4055 scheda
1005 3989 1119 4076 aliqua
1134 4013 1177 4054 ex
1192 3991 1309 4056 codice
1323 4009 1357 4052 eo

254 4087 311 4171 qui
322 4095 516 4150 nostrorum
527 4110 653 4172 parens
666 4099 718 4154 est
733 4091 898 4154 excidisse
915 4090 1139 4156 existimetur.
1154 4089 1240 4177 satis
1254 4097 1358 4152 autem

255 4205 377 4248 causae
399 4205 474 4247 esse
498 4208 557 4250 cur
579 4187 634 4250 bie
650 4189 758 4252 lector
774 4187 961 4254 editoribus
976 4189 1125 4252 Lucretii
1139 4187 1241 4272 paulo
1257 4197 1357 4252 atten-

254 4283 321 4346 tior
336 4281 490 4356 haerent,
509 4282 734 4350 demonstrari
749 4285 904 4350 facillime
919 4293 1052 4370 potest:
1073 4306 1151 4349 nam
1166 4307 1277 4370 neque
1290 4285 1357 4368 ipsa

253 4402 308 4444 res
331 4402 431 4466 quam
453 4387 556 4465 potita
573 4381 632 4452 hic
654 4385 763 4468 tangit
791 4384 874 4448 satis
902 4391 1154 4468 pertractatur,
1183 4405 1293 4468 neque
1318 4381 1354 4444 ab

254 4479 389 4543 Averno
406 4479 449 4543 ed
465 4479 591 4566 frigora
606 4491 640 4544 et
655 4479 940 4556 caloresiontiu'm
952 4481 1024 4546 sola
1035 4484 1100 4546 hac
1112 4482 1353 4548 coniunctione,
