3034 5198
635 539 639 556 .
667 495 697 564 ll
751 597 757 612 Ι
1168 499 1233 566 105

128 669 227 755 paulo
244 675 323 732 ante
337 668 399 732 479
415 677 555 754 uterque
571 669 683 732 areat.
699 668 761 734 sed
777 669 936 734 credibile
951 691 1020 734 non
1035 679 1088 736 est
1102 677 1236 757 pettam

127 776 194 831 tam
206 787 313 852 parvo
324 766 503 832 intervallo
519 765 657 832 eosdem
667 789 788 832 versus
797 769 919 833 iterum
932 789 1058 854 ponere
1070 768 1235 836 voluisse.

130 873 305 951 praeterea
320 865 413 950 quod
427 865 483 930 hic
498 863 602 930 docet
613 865 763 930 eiusdem
774 865 903 931 formae
913 866 1097 952 primordia
1107 869 1237 934 infinite
1312 949 1318 955 ¹

113 985 266 1028 numero
282 985 375 1038 esse,
390 963 480 1028 idem
495 963 597 1051 pardo
612 971 693 1050 post
706 964 828 1028 iterum
844 967 1038 1041 exorditur,
1060 966 1120 1031 529
1136 968 1236 1032 Proti-

36 1107 41 1115 -
126 1085 183 1125 urta
197 1063 349 1128 oetertdam
356 1087 369 1144 ;
379 1061 423 1127 de
439 1083 506 1147 quo
519 1063 638 1147 nequis
650 1061 805 1128 dubitare
817 1065 943 1148 possit,
953 1085 991 1128 re
1006 1063 1238 1151 demonstrata

127 1161 250 1225 subicit
260 1159 321 1223 567
334 1161 410 1225 Esse
419 1163 513 1245 ὁρίων
523 1183 634 1245 petere
646 1163 680 1224 iu
694 1163 797 1248 quovis
806 1163 982 1246 primordia
996 1186 1100 1226 rerum
1111 1163 1237 1252 Infinita

121 1259 231 1343 polam
245 1269 313 1321 eat.
334 1257 451 1343 itaque
466 1265 635 1343 apparet,
659 1260 688 1324 si
708 1258 849 1323 formam
872 1267 906 1324 et
925 1259 1059 1323 vincula
1073 1261 1236 1326 orationis

126 1355 344 1441 respiciamus
361 1403 369 1430 ,
390 1363 450 1420 aut
466 1355 530 1420 hos
545 1363 675 1441 septem
689 1378 808 1422 versus
824 1377 1003 1441 superesse
1019 1365 1078 1422 aut
1091 1365 1163 1422 tres
1179 1361 1236 1444 qui

50 1488 53 1497 ·
127 1451 191 1517 bos
206 1460 367 1518 secuntur
384 1502 392 1517 .
414 1453 501 1518 athi
515 1462 644 1540 septem
660 1476 778 1520 versus
794 1475 919 1518 novum
934 1461 968 1520 et
982 1455 1172 1540 primarium
1188 1457 1236 1522 rei

128 1559 356 1636 argumentum
373 1552 548 1616 continent
565 1575 572 1615 ε
598 1555 655 1638 qui
667 1552 732 1618 hor
749 1561 929 1627 secuntur,
950 1575 970 1617 a
986 1551 1182 1630 Gasaendo,
1198 1563 1237 1619 ut

129 1646 309 1714 Crcecbius
332 1637 548 1725 obsecravit,
568 1651 820 1736 praetermissi,
840 1651 948 1737 ipsam
969 1672 1039 1715 rem
1061 1673 1130 1716 non
1153 1653 1237 1718 satis

126 1747 304 1832 perspicue
324 1748 512 1833 expositam
530 1747 715 1822 exhibent,
738 1749 773 1811 in
797 1769 865 1832 qua
882 1769 1028 1834 ymerum
1047 1752 1236 1836 aequum
1261 1769 1267 1778 ·

128 1844 329 1930 significatio
344 1845 521 1930 praeteriri
535 1867 604 1910 non
627 1847 768 1911 debuit.
788 1845 917 1910 scilicet
939 1846 1144 1912 cudbrictus
1166 1872 1237 1936 εχη-

126 1942 246 2005 utrrcra
262 1942 371 2006 intubo
386 1944 503 2030 ἄπειροί
519 1945 591 2008 sicta
607 1945 733 2016 ἄτομοι,
745 1947 810 2008 raic
826 1942 862 2008 rt
879 1947 1037 2030 traoopaic
1054 1946 1109 2032 οἰχ
1125 1946 1234 2012 ἅπλῶς

125 2037 244 2126 ἄπειροι
255 2089 261 2114 ,
273 2041 350 2104 itti
365 2041 468 2106 utana
484 2040 685 2124 iuepltuuror
699 2064 707 2103 ι
727 2042 776 2104 sic
790 2041 958 2127 Epicurus
972 2042 1007 2104 in
1021 2041 1182 2128 Diogenis
1197 2045 1251 2108 liv

125 2136 188 2200 bro
203 2160 236 2211 x,
249 2136 288 2201 42
311 2186 318 2198 .
338 2138 442 2200 nihilo
458 2137 566 2200 minus
583 2157 622 2200 ea
637 2157 724 2220 quae
738 2157 776 2200 re
791 2139 954 2221 probiora
969 2145 1048 2202 sunt
1064 2187 1072 2214 ,
1098 2148 1136 2202 ut
1151 2140 1238 2216 dixi,

124 2255 282 2319 magnam
291 2234 421 2298 habent
432 2235 474 2297 ab
487 2233 641 2296 oratione
652 2234 760 2296 minus
772 2241 851 2318 apte
863 2253 993 2298 conexa
1003 2234 1237 2301 offensionem.

124 2330 243 2416 itaquo
257 2332 471 2416 perspicuum
486 2330 531 2394 sit
543 2329 737 2394 Lucretium
754 2332 898 2415 primum
917 2331 1052 2416 quidem
1066 2333 1151 2398 istos
1167 2342 1237 2398 tres

126 2449 248 2492 versus
262 2429 371 2492 minus
386 2428 518 2492 curiose
532 2434 718 2512 conceptos
732 2428 908 2514 posuisse,
924 2450 1010 2514 quos
1028 2451 1102 2494 cum
1116 2439 1238 2516 postea

126 2525 401 2600 emendaret,hic
412 2535 451 2592 ut
462 2525 541 2592 alibi
552 2525 679 2590 lactum
690 2547 765 2591 esse
775 2533 813 2591 ut
824 2525 869 2591 ad
879 2527 963 2591 illud
973 2527 1237 2604 incommodum,

127 2624 220 2710 quod
236 2645 255 2689 e
268 2626 424 2690 versibus
438 2647 507 2690 non
522 2624 695 2711 eleganter
707 2625 861 2712 repetitis
878 2635 1030 2692 oreretur
1045 2675 1053 2702 ‚
1071 2648 1139 2691 uon
1154 2629 1238 2694 satis

127 2723 337 2788 attenderet.

210 2821 280 2886 529.
298 2823 504 2888 Vsnsrsus
519 2821 840 2888 osrnuusn.Hoc
851 2825 930 2907 quia
941 2822 1022 2889 ferri
1032 2845 1102 2888 non
1113 2833 1237 2909 potest,
1360 2905 1366 2914 Ι

127 2929 207 3005 apte
220 2919 381 2986 faciemus
395 2921 605 2986 Psorruus
617 2971 624 2983 .
637 2941 838 3006 quamquam
851 2921 880 2984 si
891 2921 944 2985 cui
956 2941 1074 2985 versus
1085 2943 1173 2986 unus
1183 2923 1238 2988 vel
1255 2911 1258 2919 ’

125 3019 243 3103 plures
258 3017 424 3082 excidisse
435 3019 631 3092 videantur,
643 3039 685 3080 nc
695 3019 763 3081 hoc
776 3017 911 3101 quidem
921 3016 1144 3101 improbabile
1154 3066 1161 3080 .
1170 3019 1238 3082 hoc

126 3125 259 3181 tantum
274 3135 394 3179 cavere
408 3112 500 3178 volui
519 3163 527 3186 ,
550 3116 670 3198 nequis
684 3114 853 3178 inficetum
867 3113 1002 3176 Marulli
1017 3122 1238 3178 commentum

125 3212 304 3286 laudaret,
320 3233 388 3296 quo
407 3213 543 3298 scripsit
561 3211 651 3290 Quod
663 3213 806 3298 quoniam
821 3211 930 3290 docui,
944 3235 1026 3276 nuuc
1038 3213 1238 3298 waanctr,

127 3335 203 3398 oye,
212 3311 328 3395 paucis
349 3310 488 3373 Vereibus
508 3311 684 3375 octoadem.
707 3307 874 3373 editorum
894 3307 1014 3374 fraude
1037 3331 1077 3374 ac
1097 3310 1240 3375 stultitia

128 3410 244 3475 evenit
258 3416 296 3472 ut
309 3407 540 3495 lexicographi
555 3409 641 3474 scire
655 3429 724 3472 non
743 3408 973 3494 potuerintne
987 3407 1124 3473 Marulli
1138 3429 1239 3473 voca·

127 3509 263 3582 bulum,
277 3527 346 3571 non
361 3506 615 3581 Lucretianum,
631 3507 665 3570 iu
682 3505 833 3571 ordinem
848 3507 1000 3591 recipere
1012 3507 1239 3592 mutiloquum.

211 3605 282 3670 531.
297 3603 483 3680 Unnrous
498 3627 681 3668 uxorato
694 3651 701 3668 .
713 3603 790 3669 Hoc
806 3625 904 3669 versu
921 3604 1076 3668 Donatus
1090 3625 1171 3668 usus
1188 3611 1240 3669 est

129 3704 172 3768 ad
187 3701 426 3768 Phormionem
442 3701 595 3780 Terentii
609 3703 668 3776 ι,4,
677 3701 735 3766 36.

212 3802 283 3866 533.
305 3795 636 3874 Fecunnauoun
660 3821 793 3864 uacrs
816 3798 1240 3864 struatuLambinus

130 3921 270 3964 ursus.

211 3998 282 4063 535.
306 3997 450 4060 Murra
472 4017 592 4059 ercer
613 4016 773 4058 annana
795 4013 888 4056 ussn
911 4016 951 4056 ra
973 4013 1020 4054 uo
1044 4039 1051 4054 .
1075 3992 1240 4058 Marullus

132 4117 287 4159 osseae
300 4143 307 4169 ,
319 4096 434 4159 nescio
447 4115 491 4158 an
501 4093 630 4178 primus
644 4141 651 4154 .
669 4100 761 4155 certe
772 4091 952 4175 Forbiger,
965 4089 1022 4173 qui
1033 4083 1240 4154 hoc‘omnes

132 4191 225 4255 editt.
240 4195 330 4254 vett!
340 4191 466 4256 habere
475 4190 610 4265 scribit,
624 4190 882 4273 verbispeccat,
899 4186 1072 4252 Gerardus
1079 4188 1241 4254 tacendo:

131 4309 207 4354 nam
227 4289 262 4352 in
279 4288 411 4353 Veneta
432 4295 485 4352 est
502 4311 617 4374 ymera
633 4335 642 4367 ,
661 4307 772 4371 neque
794 4285 890 4349 aliter
907 4283 1072 4349 Aventius
1094 4293 1128 4346 et
1142 4283 1240 4361 Pius,

131 4379 1241 4472 idemqueVeronenaiadscribuntHavercampusetWakcfieldus.

214 4483 284 4548 536.
305 4483 373 4549 Src
396 4507 465 4548 cnr
488 4505 799 4559 ouannrraouu.
816 4479 1245 4548 Sicrttscribaturaneicut
