3034 5204
227 392 272 462 40
774 389 788 458 I

227 589 346 632 ιιιιιι
364 615 370 630 .
391 564 609 646 Quadratus,
626 562 790 638 schedae,
802 570 976 630 corrector
990 562 1338 648 oblongi,Marullus,

227 686 355 740 acuar
371 687 379 726 ε
398 664 567 728 Antonius
581 661 681 725 Marii
704 669 739 726 et
751 663 829 727 olim
843 662 997 748 impressi
1012 684 1166 749 aquarum
1185 709 1193 726 .
1214 660 1338 726 deinde

227 761 394 826 Marullus
408 765 479 826 saei
493 769 528 825 et
542 758 644 844 paulo
666 761 792 824 rectius
806 757 1038 824 Wakefieldus
1053 779 1099 822 sa
1108 782 1225 836 xrsr,
1246 759 1339 845 quod

226 860 302 944 ipse
314 860 429 944 inepte
443 859 581 944 scripsit
594 860 665 922 saei
679 868 721 922 est
737 907 743 922 .
763 859 920 944 genetivo
941 863 1054 922 autem
1069 878 1155 945 opus
1171 867 1247 934 est,
1267 860 1339 924 sive

228 979 380 1044 aquaram
394 958 580 1023 scribamus
595 956 667 1020 sive
681 960 775 1044 aquai
789 983 799 1020 :
815 977 892 1019 narn
907 954 951 1020 de
967 954 1090 1020 dativis
1104 956 1138 1020 in
1153 959 1186 1020 αι’
1200 954 1338 1044 disylla-

227 1053 298 1118 bon
318 1057 517 1120 exeuntibus
538 1075 646 1142 nugas
667 1059 808 1119 narrant
829 1053 1035 1140 grammatici
1056 1059 1234 1138 poetarum
1255 1057 1337 1118 usu's

227 1153 336 1239 ignari
350 1203 358 1218 .
373 1155 427 1221 his
441 1163 554 1220 temen
567 1154 731 1241 imperitis
744 1154 775 1218 is
791 1151 1064 1218 annumerandus
1079 1157 1132 1216 est
1146 1152 1205 1237 qui
1218 1152 1336 1217 horum

227 1273 386 1318 versuum
401 1253 541 1320 alterum
557 1252 654 1318 fecit:
666 1254 695 1316 is
711 1252 796 1316 enim
806 1299 814 1328 ,
826 1251 855 1316 ei
871 1251 1054 1337 elegantias
1068 1249 1289 1326 Wakefieldi,
1299 1258 1338 1315 ut

227 1371 291 1435 par
306 1359 380 1427 est,
399 1353 553 1416 reicimus
567 1399 576 1432 ,
596 1372 666 1414 non
686 1351 845 1436 procedit
860 1397 868 1426 ‚
886 1350 950 1414 nisi
972 1348 1135 1433 inpriore
1151 1345 1256 1411 dativi
1271 1349 1337 1412 sint

227 1450 311 1512 sacis
324 1451 388 1534 iqui
403 1452 498 1536 aquai
512 1499 518 1512 .
539 1470 738 1534 quamquam
757 1449 823 1514 iste
844 1447 943 1512 huius
957 1446 1116 1512 versiculi
1128 1465 1253 1530 parens
1267 1493 1275 1522 ,
1289 1443 1336 1510 fe-

226 1553 298 1608 tum
313 1567 409 1610 suurn
424 1547 606 1632 proiecisse
622 1554 818 1621 contentus,
829 1567 875 1610 ne
889 1546 1086 1610 emendasse
1098 1543 1232 1629 quidem
1247 1545 1336 1629 prio·

227 1663 299 1706 rem
313 1642 359 1708 ad
373 1653 515 1708 mentem
532 1666 625 1710 suam
640 1646 799 1721 videtur,
817 1653 876 1708 aut
895 1651 988 1708 certe
1007 1644 1042 1708 in
1062 1644 1127 1730 ipat
1146 1643 1177 1707 ei
1195 1663 1263 1705 non
1277 1662 1337 1726 pa·

228 1749 370 1806 ruerunt
389 1741 537 1808 librarii.
553 1765 618 1808 nos
638 1765 721 1808 vero
741 1744 831 1808 hunc
852 1743 1013 1807 lectorem
1026 1744 1253 1826 importunum
1273 1741 1335 1805 iam

227 1839 382 1904 novimus
399 1889 408 1916 ,
428 1844 485 1927 qui
506 1863 581 1908 cum
602 1865 705 1928 supra
725 1843 786 1908 334
801 1842 959 1908 Lucretio
978 1842 1014 1905 in
1037 1837 1227 1904 definiendo
1247 1839 1338 1904 inani

228 1937 327 2001 laeam
341 1939 485 2005 impetum
498 1941 640 2028 largitus
656 1949 768 2017 esset,
788 1939 928 2006 eandem
943 1960 1013 2004 rem
1028 1939 1083 2004 hic
1097 1939 1218 2002 iterum
1232 1936 1336 2002 incul-

229 2035 344 2113 cavit3
370 2037 406 2100 in
428 2061 495 2124 quo
518 2041 615 2106 simul
637 2039 787 2106 ostendit
808 2061 845 2106 sc
867 2046 927 2103 aut
947 2037 1162 2124 peregrinum
1183 2057 1259 2100 esse
1279 2043 1338 2100 aut

228 2153 346 2216 parum
368 2138 562 2222 percepisse
583 2139 717 2225 linguae
738 2140 881 2204 Latinae
902 2135 1097 2223 ingenium.
1118 2155 1196 2198 narn
1209 2137 1337 2200 innam

227 2238 323 2294 recto
340 2253 421 2296 casu
437 2283 445 2309 ,
464 2247 503 2298 ut
516 2257 580 2321 pro
596 2238 809 2302 substantivo
825 2237 890 2312 sit,
907 2234 1028 2300 Latine
1044 2232 1110 2297 diei
1124 2253 1194 2297 non
1205 2240 1337 2318 potest,

229 2329 386 2412 quoniam
401 2330 500 2396 huius
515 2333 606 2397 modi
622 2334 834 2418 participalia
849 2355 922 2399 eum
937 2336 971 2397 io
985 2333 1143 2418 negativo
1159 2333 1338 2396 coniuncta

228 2446 298 2488 non
311 2428 375 2490 nisi
389 2449 490 2492 unum
507 2451 622 2494 casum
635 2431 804 2514 recipiunt
818 2480 826 2506 ,
842 2435 959 2495 iniussa
972 2479 981 2510 ,
998 2431 1114 2494 lucrida
1128 2479 1137 2510 ‚
1153 2429 1337 2508 incmmdtu,

228 2524 515 2590 revocandorum
529 2535 702 2612 postremo
714 2525 843 2591 Fronto
858 2549 940 2592 usus
956 2536 1050 2612 estp.
1062 2526 1120 2592 172
1136 2526 1215 2592 edit.
1226 2527 1338 2600 Rom,

229 2621 324 2684 euius
339 2621 445 2687 verba
459 2625 604 2700 subieci,
615 2633 654 2688 ut
668 2623 847 2690 emendata
860 2625 1071 2710 legerentur.
1086 2628 1138 2689 Aa
1153 2649 1222 2690 curn
1235 2626 1338 2690 laem

228 2719 350 2805 quidun
364 2731 395 2784 et
405 2721 503 2788 elladio
517 2723 698 2807 investigere
710 2723 802 2786 cerba
817 2723 966 2807 elegantia
974 2722 1136 2808 prohibes,
1150 2723 1255 2786 ecdem
1268 2747 1338 2786 cero

228 2817 517 2883 determinasse
532 2830 621 2907 atque
634 2820 776 2884 invocate
791 2842 856 2884 meo
876 2821 1032 2898 emerim,
1054 2833 1088 2884 ut
1100 2820 1277 2885 Menelaum
1296 2823 1340 2885 cd

228 2917 334 3000 epulas
348 2965 357 2996 ,
379 2918 500 2982 immam
519 2919 641 3006 quidem
655 2919 753 3003 recipi
765 2917 849 2982 iceles
864 2916 879 2980 l
901 2917 1022 3002 scripsi
1036 2917 1123 2982 enim
1136 2919 1257 2982 inuram
1271 2921 1337 3005 pai-

218 3014 295 3088 ‚dem
302 3060 312 3094 ,
323 3015 390 3080 hoc
405 3024 457 3081 est
471 3018 657 3102 tantisper,
668 3017 727 3081 ubi
740 3016 775 3080 in
790 3015 909 3081 codice
922 3014 1033 3080 fertur
1042 3037 1116 3080 esse
1127 3017 1338 3102 vmaintpui-

228 3113 296 3176 dem
312 3163 318 3176 .
338 3115 380 3180 ab
395 3115 437 3180 iis
450 3115 661 3199 monoptotis
678 3134 764 3198 quae
780 3113 850 3178 dixi
864 3133 934 3176 non
947 3110 1047 3176 valde
1062 3111 1222 3177 differunt
1235 3113 1338 3187 haec,

227 3213 365 3276 imnmito
373 3214 740 3300 ‚indebilo,ioacpurato,
749 3213 1338 3296 iaccrpicam,iutestato,iasperalo‚io·

227 3309 367 3392 opinato,
382 3310 566 3389 ineoamlto,
579 3310 750 3394 tamenim,
765 3309 971 3393 inexplorato,
982 3309 1190 3393 irpraepedito
1204 3355 1211 3370 .
1230 3309 1266 3373 in
1278 3308 1338 3374 illo

226 3405 341 3488 priore
352 3412 463 3469 tamen
475 3427 598 3492 genere
606 3406 737 3470 Livium
747 3405 1339 3493 dixissovoluntinxn11‚l2,7po·ic·

228 3503 356 3582 σῳὶιιιιη,
369 3524 436 3588 quo
450 3503 528 3566 loco
544 3503 751 3588 aptissimum
768 3511 820 3567 est
829 3526 889 3588 per
898 3505 1049 3568 indultam
1060 3528 1098 3568 ac
1107 3505 1339 3590 neglegentiam:

228 3605 323 3664 recto
339 3622 420 3666 casu
433 3601 658 3687 interpolator
672 3609 791 3665 noster
805 3601 1030 3687 philosophus
1045 3625 1127 3668 usus
1143 3609 1196 3668 est
1209 3603 1318 3667 solus.

310 3699 380 3763 455.
403 3721 905 3775 eanennrnsnrvrascnn.
928 3701 1109 3766 Corrector
1125 3701 1337 3787 oblongior-

229 3817 372 3860 vrrran
382 3819 430 3875 on
440 3822 475 3862 r.

310 3893 381 3958 458.
402 3919 565 3962 evermo
586 3918 748 3962 vocaus
764 3947 770 3964 .
786 3898 1055 3964 Idemrvnura
1072 3945 1078 3960 .
1098 3899 1339 3984 loeumproxi·

227 4012 339 4066 mum,
358 3994 414 4076 qui
431 4002 483 4056 est
498 3993 541 4058 de
563 4001 738 4080 tempore,
758 3995 925 4082 significat
939 3995 1078 4060 Servius
1100 3995 1146 4061 ad
1166 3995 1338 4062 Aeneidos

229 4111 277 4164 ιιι,
287 4088 347 4154 587
364 4097 398 4152 et
413 4089 527 4166 v11,37.

310 4185 379 4250 467.
403 4209 563 4250 nvsrera
579 4211 743 4253 unsar-r.
762 4188 837 4252 Hoc
853 4211 894 4252 ex
916 4212 1117 4267 susanne,
1136 4192 1338 4257 curlitteris

228 4284 402 4372 angustius
413 4287 598 4350 contractis
609 4288 736 4372 scripto
749 4335 756 4361 ,
771 4284 869 4350 facile
880 4289 973 4352 nasci
984 4290 1113 4372 potuit,
1125 4290 1295 4377 etsuerunt
1303 4291 1337 4353 in

228 4384 364 4450 schedis
387 4405 461 4448 csse
485 4381 616 4448 Gudius
639 4383 970 4470 ilenrichseniusquc
992 4394 1186 4452 testantur.
1211 4388 1261 4452 ite
1281 4387 1337 4453 hic
