2970 5268
270 467 336 536 180
811 460 844 528 V

264 643 320 728 qui
334 641 460 706 faciunt
475 641 579 704 solem
594 649 687 704 certa
701 639 883 725 desurgere
897 648 994 726 parte

264 766 445 842 propterea
458 754 497 819 fit
510 755 560 818 uti
573 754 751 820 videantur
766 753 878 818 dicere
894 776 1023 818 verum.

191 887 240 935 705
304 870 400 934 Luna
414 876 528 956 potest
542 869 622 932 solis
636 867 739 934 radiis
753 889 914 955 percussa
928 870 1050 944 nitere,

263 986 364 1071 inque
380 983 452 1048 dies
465 984 570 1069 magis
584 983 620 1047 id
634 984 745 1048 lumen
760 993 958 1048 convertere
972 984 1069 1048 nobis

264 1099 309 1164 ad
322 1099 482 1185 speciem,
494 1107 654 1183 quantum
669 1099 749 1164 solis
763 1097 891 1164 secedit
905 1099 947 1163 ab
963 1098 1052 1174 orbi,

263 1214 412 1300 donique
429 1223 636 1278 cum-contra
649 1214 750 1302 pleno
767 1215 851 1278 benc
865 1213 986 1277 lumine
1000 1212 1092 1276 fulsit

264 1339 366 1416 atque
381 1329 493 1393 oriens
508 1328 621 1394 obitus
636 1330 706 1393 eius
720 1350 821 1414 super
837 1325 928 1392 edita
942 1325 1040 1390 vidit:

191 1461 242 1509 710
264 1444 342 1509 inde
355 1443 541 1509 minutatim
556 1451 647 1507 retro
664 1445 759 1528 quasi
774 1441 920 1508 condere
934 1443 1045 1504 lumen

265 1559 368 1624 debet
381 1559 459 1623 item
469 1603 477 1634 ‚
489 1565 616 1642 quanto
632 1559 770 1646 propius
785 1559 848 1622 iam
863 1557 943 1620 solis
958 1555 1003 1619 ad
1017 1556 1125 1641 ignem

263 1672 388 1738 labitur
402 1693 445 1736 ex
459 1672 523 1736 alia
537 1671 707 1756 signorum
722 1681 819 1760 parte
832 1693 894 1758 per
909 1673 1039 1747 orbem3

265 1797 304 1853 ut
317 1787 460 1860 faciunt,
472 1787 582 1850 lunam
598 1787 654 1870 qui
667 1786 798 1872 fingunt
813 1807 886 1850 esse
901 1784 979 1870 pilai

266 1901 468 1967 consimilem
482 1921 668 1986 cursusque
683 1901 768 1964 viam
784 1901 847 1964 sub
862 1900 933 1964 sole
947 1908 1077 1964 tenere.

193 2034 243 2080 715
265 2025 317 2082 est
332 2017 430 2080 etiarn
445 2037 548 2100 quare
565 2015 701 2101 proprio
717 2035 791 2078 cuin
807 2015 927 2079 lumine
942 2014 1050 2100 possit

238 2123 240 2128 ¹
265 2131 393 2197 volvier
409 2141 442 2195 et
456 2131 566 2195 varias
582 2129 772 2216 splendoris
787 2128 931 2193 reddere
945 2128 1086 2192 formas:

266 2267 389 2333 corpus
406 2245 491 2308 cuim
505 2245 583 2310 licet
599 2266 673 2308 esse
688 2243 777 2310 aliud
787 2293 795 2320 ,
807 2244 901 2331 quod
914 2244 1021 2309 fertur
1037 2251 1071 2306 et
1084 2264 1151 2306 una

265 2337 387 2425 labitur
402 2359 599 2424 omnimodis
614 2381 797 2425 occursans
812 2359 1043 2444 efficiensque,

265 2495 328 2537 nec
343 2477 432 2561 potis
449 2482 500 2537 est
514 2475 621 2549 cerni,
633 2475 711 2558 quia
726 2495 855 2538 cassum
871 2475 992 2539 lumine
1006 2471 1128 2536 fertur.

193 2603 242 2650 ⁷20
264 2588 456 2672 versarique
472 2571 601 2673 potest,
613 2587 731 2672 globus
746 2597 784 2651 ut
798 2589 842 2653 sit
855 2589 943 2653 forte
957 2586 1036 2674 pilai

267 2698 402 2764 dimidia
417 2722 458 2764 cx
474 2701 560 2787 parti
576 2699 732 2764 candenti
745 2701 867 2766 lumine
882 2703 1022 2776 tinctus,

195 2881 199 2894 ,
264 2813 500 2899 versandoque
515 2815 651 2899 globum
666 2816 824 2880 variantis
840 2815 940 2880 edere
954 2818 1096 2892 formas,

151 2993 157 3020 ι
266 2927 413 3014 donique
429 2949 501 2992 eam
515 2938 660 3016 partem,
672 2951 758 3015 quae
774 2951 915 3014 cumque
931 2941 983 2995 cst
996 2932 1127 3016 ignibus
1143 2943 1253 3006 aucta,

266 3041 311 3110 ad
325 3044 470 3129 speciem
485 3044 587 3108 vertit
600 3044 700 3108 nobis
715 3045 897 3131 oculosque
912 3046 1074 3132 patentis:

193 3175 242 3222 725
265 3158 344 3224 iude
358 3160 545 3224 minutatim
559 3167 649 3223 retro
666 3169 868 3246 contorquet
882 3171 916 3225 et
931 3162 1041 3238 aufert

265 3273 435 3338 luciferam
450 3281 577 3358 partem
593 3273 835 3358 glomeraminis
850 3285 951 3360 atque
966 3276 1060 3362 pilai3

265 3396 304 3453 ut
317 3387 524 3474 Babylonica
540 3385 744 3451 Chaldaeum
759 3388 913 3453 doctrina
926 3389 1077 3453 refutans

266 3502 511 3587 astrologorum
526 3511 631 3565 artem
646 3511 766 3566 contra
780 3503 979 3567 convincere
994 3505 1117 3582 tendit,

265 3615 408 3704 proinde
423 3616 519 3701 quasi
532 3615 567 3679 id
582 3615 651 3680 fieri
666 3626 813 3702 nequeat
827 3616 920 3702 quod
936 3629 1063 3704 pugnat
1078 3630 1234 3707 uterque,

193 3749 243 3796 730
265 3741 323 3796 aut
337 3733 444 3796 minus
458 3730 525 3795 hoc
540 3731 596 3796 illo
612 3731 657 3795 sit
671 3754 730 3796 cur
744 3732 937 3818 amplectier
953 3735 1058 3798 ausis.

265 3847 410 3931 denique
425 3867 484 3910 eur
499 3855 646 3932 nequeat
659 3867 790 3933 semper
805 3869 895 3914 nova
908 3849 987 3913 luna
1001 3851 1107 3914 creari

264 3960 382 4026 ordine
396 3961 578 4026 formarum
593 3971 685 4027 certo
701 3963 869 4048 certisque
884 3963 1015 4050 ligurio,

263 4077 364 4162 inque
379 4074 451 4140 dies
467 4079 581 4162 privos
596 4079 740 4144 aborisci
756 4101 909 4164 quaeque
925 4089 1037 4145 creata

264 4364 313 4411 700
331 4357 455 4429 perculsa
478 4358 488 4426 Η
508 4365 557 4412 706
577 4359 755 4415 idomtrrum.
783 4362 793 4430 ll
823 4366 872 4413 708
892 4361 996 4414 beneno
1015 4364 1024 4433 ll
1043 4370 1089 4416 711
1111 4373 1164 4416 tarn
1184 4365 1193 4432 ll
1213 4369 1262 4418 773
1281 4365 1365 4438 pilae
1386 4369 1396 4436 ll

264 4448 313 4496 720
331 4443 354 4493 si
373 4443 383 4512 ΙΙ
402 4449 450 4494 777
469 4441 627 4511 babyloniae
645 4443 655 4512 ll
674 4449 724 4496 730
742 4444 787 4496 ilio
