2946 5188
267 474 314 543 60
812 477 844 546 11

264 668 368 733 quare
382 670 503 736 magna
517 649 615 715 deum
630 657 735 715 mater
749 659 923 737 materque
937 651 1082 716 ferarum

264 769 298 826 00
312 765 419 828 nostri
433 766 585 851 genetrix
598 765 683 830 haec
698 765 789 830 diota
804 775 857 832 est
871 766 1023 852 corporis
1037 787 1118 830 una.

116 939 122 952 ,
191 892 240 939 000
303 878 401 943 Ηο00
415 887 550 951 veteres
561 879 696 944 Graium
712 879 804 944 docti
818 881 970 946 cecinere
984 886 1105 965 000000

248 1093 397 1178 'sedibus
410 1111 444 1174 in
458 1131 558 1174 00000
571 1109 702 1196 biiugos
716 1109 843 1195 agitare
857 1110 985 1186 100000,

259 1226 345 1292 airis
359 1226 393 1289 in
407 1225 517 1310 spatio
532 1245 685 1308 magnam
698 1222 849 1311 pendere
864 1223 1026 1289 docentes

258 1340 426 1416 tellurem,
437 1361 547 1426 neque
561 1359 663 1425 posse
677 1339 712 1402 in
726 1347 817 1404 terra
831 1338 951 1404 sistere
965 1329 1102 1404 terram.

258 1454 441 1521 adiunxere
455 1454 561 1530 feras,
573 1454 652 1539 quia
666 1453 816 1538 quamvis
832 1453 933 1518 effera
947 1453 1075 1541 proles·

173 1585 236 1633 ’000
260 1569 377 1634 officiis
392 1567 494 1634 debet
507 1567 626 1631 molliri
639 1567 730 1632 victa
741 1575 934 1652 parentum.

257 1683 441 1767 muralique
456 1689 557 1768 00000
571 1701 731 1752 summum
746 1682 881 1747 cinxere
896 1703 1036 1758 corona,

257 1797 383 1862 ordmiis
397 1797 523 1861 munita
535 1795 618 1861 locis
633 1795 711 1882 quia
725 1797 869 1861 sustinet
881 1799 998 1876 0000ος

257 1932 325 1996 quo
340 1933 428 1976 nuno
443 1912 564 1997 insigni
577 1933 639 1996 per
652 1931 790 1997 magnas
803 1910 957 1998 praedita
970 1920 1079 1976 terras

254 2025 411 2090 horrifice
425 2026 531 2091 fertur
546 2024 678 2090 divinae
692 2027 807 2090 matris
821 2027 945 2112 imago.

182 2156 231 2204 610
252 2139 341 2204 hanc
354 2140 468 2204 variae
482 2147 601 2226 gentes
615 2141 754 2226 antiquo
769 2163 861 2206 more
877 2161 1047 2205 sacrorum

252 2254 387 2320 Idaeam
401 2256 552 2320 00010000
565 2263 721 2332 matrem,
732 2254 964 2342 Phrygiasque
979 2263 1130 2321 catervas

253 2369 336 2435 dant
350 2371 505 2446 comites,
516 2371 595 2456 quia
608 2371 747 2457 primum
763 2391 806 2434 ex
818 2370 883 2434 illis
898 2371 1018 2435 finibus
1034 2370 1138 2438 edunt

251 2504 312 2568 000
325 2491 489 2549 terrarum
504 2485 619 2548 orbem
633 2485 746 2569 fruges
761 2485 912 2570 coepisse
928 2487 1047 2551 creari.

251 2597 358 2681 gallos
372 2598 577 2673 attribuunt,
589 2598 682 2681 quia,
693 2619 814 2661 numen
829 2601 886 2683 qui
900 2600 1057 2664 violarint

177 2727 226 2774 010
249 2711 364 2775 matris
379 2717 413 2774 00
426 2711 545 2796 ingrati
560 2711 756 2796 genitoribu’
773 2712 841 2776 sint
853 2713 994 2787 inventi,

251 2823 436 2910 significare
451 2825 568 2890 volunt
581 2824 737 2912 indignos
753 2847 828 2891 00ιο
843 2826 1028 2912 putandos,

247 2940 356 3004 vivam
371 2941 562 3026 progeniem
577 2941 682 3026 quiin
697 2962 774 3006 oras
788 2941 920 3006 luminis
936 2941 1052 3009 edant.

248 3061 409 3142 tympana
423 3063 516 3120 00000
529 3063 649 3122 tonant
664 3057 780 3144 palmis
796 3068 830 3122 00
844 3057 996 3145 cymbala
1011 3059 1133 3124 circum

247 3191 412 3246 concava,
423 3171 666 3256 raucisonoque
681 3156 847 3237 minantur
862 3194 989 3237 cornua
1003 3181 1119 3250 00000,

173 3301 222 3348 000
245 3293 279 3353 00
292 3284 442 3370 Phrygio
456 3285 603 3349 stimulat
617 3307 754 3350 numero
770 3307 852 3350 0000
865 3289 948 3352 tibia
960 3289 1097 3364 mentis,

243 3398 377 3484 telaque
391 3406 629 3488 praeportant‚
640 3399 775 3463 violenti
791 3401 886 3486 signa
899 3401 1038 3478 furoris,

243 3513 395 3598 ingratos
410 3512 536 3577 animos
551 3520 653 3596 atque
667 3513 767 3596 impia
781 3523 922 3599 pectora
935 3516 1025 3602 volgi

244 3635 436 3691 conterrere
450 3634 540 3690 metu
556 3645 641 3712 quae
655 3628 788 3711 possint
801 3629 933 3693 numini'
950 3630 1061 3696 divae.

244 3763 324 3828 ergo
341 3763 414 3806 cum
429 3740 567 3826 primum
582 3761 719 3827 magnas
733 3743 866 3808 invecta
880 3766 941 3829 per
954 3745 1047 3809 urbis

169 3873 218 3921 625
240 3855 409 3920 munificat
421 3855 525 3920 tacita
538 3855 688 3920 mortalis
702 3865 794 3922 muta
808 3861 931 3936 001000,

241 3991 318 4034 cere
333 3977 434 4055 atque
449 3978 587 4057 argento
602 3978 759 4036 sternunt
773 3974 837 4037 iter
852 3995 948 4038 omne
963 3975 1104 4050 viarum,

242 4083 387 4171 largifica
401 4085 488 4172 stipe
504 4084 668 4162 ditantes,
680 4087 886 4172 ninguntque
901 4109 1053 4154 rosarum
1082 4113 1085 4122 ·

242 4365 394 4419 6050101101
418 4367 428 4434 11
453 4371 501 4419 607
520 4365 561 4418 Ex
581 4367 639 4419 imis
663 4367 672 4434 Η
696 4374 744 4420 613
764 4369 843 4422 orbes
871 4367 882 4434 ΙΙ
909 4375 957 4420 615
976 4367 1058 4425 Matri
1077 4381 1104 4426 ct
1122 4375 1204 4444 iugoti
1232 4377 1242 4446 10
1269 4377 1369 4432 1000001

241 4449 306 4503 0100.
325 4450 335 4518 ΙΙ
353 4454 402 4502 623
421 4451 527 4504 numine
544 4451 555 4518 ΙΙ
574 4455 623 4503 626
641 4451 678 4504 100
695 4453 783 4505 omnio
802 4453 898 4505 virum.
