3034 5204
640 543 846 591 nnnnnarlo
1253 523 1296 591 13

187 696 380 762 1555511555
405 697 525 761 itemm
549 695 667 761 ederet
688 716 802 761 mense
824 696 980 760 ianuario
1005 695 1104 772 1515,
1128 698 1299 783 exemplar

187 795 421 860 Marullianum
436 814 545 880 prope
556 801 683 870 totum,
699 794 761 859 sed
772 793 964 879 diligentius
975 793 1186 872 distinctum,
1201 817 1297 883 repe-

187 895 257 966 tiit,
272 893 345 978 ipse
361 913 469 977 pauca
481 893 621 956 novavit
632 913 739 977 eaque
750 891 937 978 prudenter
949 942 955 956 .
972 895 1066 958 annis
1077 915 1183 958 xnvnr
1195 895 1298 958 inter·

186 987 283 1056 ieetis
303 991 488 1078 Dionysius
504 991 674 1056 Lumbinm
695 992 791 1075 (utor
812 991 882 1054 eius
904 991 1052 1056 editione
1073 993 1190 1068 tertia,
1212 1013 1298 1078 quae

187 1089 278 1155 facta
293 1097 346 1154 est
359 1089 515 1154 Lutetiae
530 1111 618 1153 anno
636 1089 751 1175 1570),
765 1088 869 1153 homo
883 1089 1007 1175 ingenii
1021 1089 1127 1156 feliois
1141 1090 1298 1176 idemque

187 1187 423 1274 philosophiae
438 1187 613 1252 studiosus
629 1195 663 1251 et
677 1187 810 1274 linguae
820 1185 962 1252 Latinae
976 1188 1010 1250 in
1025 1187 1140 1273 primis
1155 1191 1298 1274 peritus,

186 1293 316 1350 tantum
334 1285 520 1372 praestitit,
541 1292 580 1349 ut
594 1286 745 1372 proxime
759 1293 841 1370 post
854 1284 1051 1361 Marullum,
1070 1286 1171 1372 longo
1185 1294 1298 1351 tamen
1373 1271 1380 1284 ,

185 1383 384 1457 intervallo,
406 1382 624 1448 collocandus
638 1385 698 1458 sit,
721 1385 827 1468 siquis
841 1384 876 1446 in
890 1391 1037 1468 utroque
1053 1404 1093 1448 55
1107 1405 1193 1469 5555
1208 1387 1299 1451 5555

187 1489 266 1569 5551
281 1482 354 1545 5515
368 1490 540 1547 numeret:
554 1503 631 1546 uam
648 1491 682 1547 et
692 1481 857 1546 Marullus
871 1482 1066 1567 saepissime
1076 1484 1248 1567 peccavit,
1264 1491 1299 1549 et

186 1579 385 1654 Lambinus,
404 1587 541 1665 praeter
555 1577 660 1643 mulla
674 1579 864 1655 verissima,
879 1580 1022 1643 mirabili
1037 1580 1183 1664 quadam
1198 1583 1297 1645 enimi

187 1677 1297 1763 levitateinnumeraaliatemereintulitnullacausauulloquecerto

187 1777 346 1848 oonsilio,
367 1797 453 1861 quae
470 1777 687 1861 possessione
701 1777 821 1840 iniuria
836 1785 1003 1862 oeeupata
1017 1775 1152 1840 tandem
1169 1779 1299 1864 expulit

185 1874 435 1940 WakefielduS.
457 1876 600 1939 triennio
621 1881 702 1960 post
723 1876 846 1962 primas
860 1875 1014 1941 Lambini
1033 1895 1132 1939 ouras
1148 1873 1297 1942 Obertus

189 1971 335 2059 Gifunias
350 1972 492 2059 prodiit,
508 1972 619 2037 indice
634 1993 693 2036 seu
706 1972 948 2048 conleetaneis,
962 1972 1049 2036 libro
1060 1971 1124 2036 illis
1136 1973 1297 2059 tempori·

185 2072 249 2136 bus
269 2071 464 2147 utilissimo,
486 2071 607 2135 clarior
628 2070 739 2136 faetus
761 2091 860 2155 quam
882 2070 1134 2148 emendatione3
1155 2073 1212 2156 qui
1228 2094 1295 2156 qno

185 2170 258 2233 iure
280 2177 339 2233 aut
358 2169 554 2234 Lambinum
579 2177 637 2232 aut
658 2169 743 2233 alios
764 2168 962 2253 compilasse
985 2168 1097 2232 dictus
1118 2176 1209 2233 esset
1227 2191 1297 2234 non

186 2269 356 2352 quaesivi:
379 2289 420 2331 ex
436 2268 585 2332 editione
601 2267 727 2342 altera,
750 2287 837 2350 quae
851 2264 943 2329 faeta
957 2274 1009 2330 est
1022 2265 1180 2351 Lugduni
1193 2267 1295 2331 Bata-

186 2388 303 2431 vorum
319 2387 407 2430 anno
426 2366 522 2442 1595,
536 2359 607 2429 555
622 2365 708 2430 adeo
724 2363 828 2430 multa
842 2369 960 2448 petere
976 2365 1087 2451 potui,
1104 2387 1190 2450 5555
1203 2367 1295 2450 prio-

186 2489 240 2530 res
261 2467 324 2529 5151
345 2471 459 2530 essent
480 2463 691 2549 neglexisse.
711 2485 821 2548 neque
836 2461 917 2527 mihi
930 2461 1036 2526 multo
1052 2463 1222 2550 autplura
1237 2471 1296 2528 aut

186 2565 406 2650 exquisitiora
429 2562 587 2647 praebuit
609 2561 775 2646 Tanaquil
799 2560 915 2636 Faber,
940 2558 1041 2622 homo
1067 2567 1210 2638 acutus,
1233 2563 1295 2628 sed

185 2663 274 2728 idem
289 2663 504 2736 temerarius,
520 2660 578 2746 qui
593 2659 784 2724 Lucretium
800 2658 908 2723 edidit
923 2657 1077 2722 Salmurii
1093 2678 1181 2722 anno
1199 2659 1295 2726 1662.

187 2762 333 2827 eiusdem
350 2760 427 2824 anni
442 2780 555 2823 mense
569 2758 725 2822 Ianuario
736 2755 929 2820 Riohardns
941 2756 1099 2820 anleine
1111 2765 1213 2823 natus
1229 2768 1294 2836 est,

187 2881 285 2946 quem
305 2857 490 2922 55551589
510 2856 555 2921 ad
575 2856 672 2920 finem
694 2861 856 2941 vergente
872 2851 996 2918 Oxonii
1009 2852 1203 2920 Lucretium
1223 2865 1293 2922 stu-

186 2958 282 3024 diose
301 2956 423 3042 legisse
442 2953 600 3018 Monhius
623 2952 867 3017 demonstravit
885 2951 920 3014 in
939 2952 1010 3015 vita
1031 2951 1174 3018 Bentleii
1192 2976 1224 3039 p.
1236 2957 1294 3021 16:

187 3077 294 3141 eoque
314 3063 486 3138 tempore,
506 3053 573 3116 hoo
594 3058 738 3116 estante
754 3050 879 3114 editam
894 3045 982 3112 anno
999 3047 1076 3112 1691
1095 3050 1140 3114 ad
1153 3051 1294 3116 Millium

186 3153 382 3241 epistulam,
405 3151 533 3238 scripta
556 3171 630 3215 5555
652 3171 692 3213 55
714 3169 801 3233 5555
817 3147 1043 3232 Glasguenses
1062 3153 1155 3211 tomo
1171 3157 1294 3232 quarto

185 3253 316 3339 paginis
330 3273 412 3314 nxrv
431 3256 512 3334 5551
530 3247 592 3312 492
614 3245 811 3322 ediderunt,
825 3243 1071 3309 Wakefieldum
1090 3252 1125 3309 et
1137 3244 1294 3312 Eiehsta·

187 3351 277 3416 dium
296 3369 366 3413 non
383 3349 540 3434 ignorare
554 3367 619 3432 par
632 3344 715 3409 fuit.
733 3364 811 3408 narn
824 3343 1010 3428 Forbigero
1024 3343 1177 3408 iniuriam
1192 3343 1296 3411 faeiat

186 3450 244 3534 qni
259 3469 334 3512 eum
347 3447 403 3512 vel
417 3446 581 3508 minimam
597 3464 667 3508 rem
682 3463 744 3527 per
755 3463 792 3505 se
802 3440 996 3526 intellegere
1007 3441 1173 3528 postulet:
1189 3449 1223 3506 et
1233 3445 1294 3508 ha-

185 3548 289 3612 hebat
310 3546 363 3608 551
386 3543 558 3618 erederet,
573 3539 749 3627 Birgerum
769 3539 800 3603 T
802 3539 1003 3615 horlaoium,
1025 3539 1082 3625 qui
1101 3539 1294 3605 Lucretium

183 3641 240 3708 ‘ex
251 3637 911 3707 recensioneBentleio·Wakefieldiana'
924 3635 1050 3702 editum
1061 3637 1202 3704 ridicule
1213 3661 1295 3724 prae

187 3765 223 3806 55
243 3741 377 3806 15115551
397 3739 549 3803 Η555155
572 3737 776 3801 ann01813.
796 3737 858 3801 sed
878 3737 912 3800 in
933 3735 1132 3800 iuvenilibus
1153 3737 1295 3824 Bentleii

187 3839 445 3906 selrediasmatis
461 3837 627 3925 permulta
642 3843 721 3899 sunt
736 3857 862 3898 summo
876 3843 910 3898 51
921 3833 1072 3918 55515515
1086 3834 1211 3900 55111155
1224 3835 1295 3923 dig-

186 3939 341 4014 nissima3
357 3957 499 4022 quorum
513 3941 645 4021 partem
660 3933 794 3996 videtur
809 3953 885 3996 enm
898 3931 1032 3995 Thema
1051 3932 1191 3997 Creeehio
1206 3956 1295 3998 eom·

186 4036 375 4100 manicasse
394 4043 465 4098 tum
485 4034 520 4096 in
542 4031 660 4096 eadem
676 4027 860 4094 Oxoniensi
880 4028 1100 4092 universitate
1115 4029 1295 4096 editionem

185 4141 346 4219 parante,
363 4131 497 4218 quaein
512 4131 617 4194 lucem
633 4127 762 4213 prodiit
773 4147 862 4190 anno
876 4125 971 4200 1695,
986 4127 1131 4212 55551115
1143 4137 1196 4194 551
1205 4129 1296 4195 Lon-

187 4231 349 4296 (11511717
360 4255 367 4294 :
382 4230 486 4296 hahet
500 4230 587 4294 enim
599 4226 795 4310 Bentleiana
810 4224 983 4310 complura
995 4223 1192 4304 Creeehius‚
1209 4251 1295 4314 quae

186 4327 383 4413 simpliciter
397 4327 561 4392 adscribit
576 4327 646 4390 51115
652 4373 661 4404 ,
677 4323 806 4388 55111551
819 4323 1001 4386 neiuvenis
1013 4324 1132 4388 artium
1144 4327 1296 4411 magistri

186 4427 326 4512 eiusque
341 4425 626 4513 Cantabrigieusis
646 4443 768 4487 nomen
789 4420 936 4486 diceret.
955 4421 1028 4507 ipse
1043 4421 1179 4507 quidem
1196 4421 1295 4486 Cree-

186 4524 283 4590 ehius
294 4523 399 4588 multa
409 4525 533 4588 rectius
543 4523 787 4607 interpretatus
799 4525 852 4584 est
863 4540 960 4604 quarn
974 4519 1127 4604 scripsit,
1141 4519 1174 4581 in
1187 4517 1295 4605 philo·
