2946 5188
257 467 306 534 62
808 465 840 534 Il

188 658 238 704 666
261 639 419 725 religione
434 639 576 702 animum
592 640 681 725 turpi
696 639 889 724 contingere
905 646 1034 724 parcat.

189 771 238 819 666
302 755 410 840 Saepe
424 755 538 840 itaque
553 775 595 817 cx
610 775 677 818 uno
692 753 872 818 tondentes
887 754 1035 838 gramina
1050 773 1168 841 campo

261 870 427 956 lanigerae
442 868 589 956 pecudes
605 875 639 932 ct
653 889 812 953 equorum
830 867 971 932 duellica
985 869 1097 954 proles

260 985 483 1068 buceriaeque
498 1003 616 1069 greges
632 981 749 1046 eodem
765 984 827 1047 sub
843 983 988 1068 tegmine
999 983 1081 1048 eseli
1149 1047 1154 1056 ,

263 1121 305 1164 ex
320 1119 454 1184 unoque
469 1099 554 1162 sitim
570 1096 727 1162 sedantes
742 1097 873 1160 flumine
888 1097 986 1182 aquai

263 1213 412 1279 dissimili
426 1213 541 1276 vivont
555 1213 666 1298 specie
675 1261 684 1288 ‚
694 1211 905 1296 retinentque
921 1221 1095 1296 pareutum

191 1346 239 1394 ees
262 1337 413 1394 66666666
429 1335 462 1392 66
475 1349 585 1392 mores
599 1327 782 1412 generatim
797 1346 950 1410 quaeque
964 1327 1148 1392 imitantur.

242 1503 245 1512 .
264 1452 358 1508 tanta
372 1449 441 1520 est,
452 1441 485 1505 iu
502 1441 621 1525 quovis
636 1460 758 1526 genere
773 1429 915 1516 herbae,
926 1441 1075 1508 materiai

265 1556 431 1621 dissimilis
446 1556 531 1619 ratio
543 1603 550 1629 ‚
561 1563 655 1618 66666
670 1563 722 1618 666
736 1555 770 1618 in
784 1555 915 1619 flumine
930 1577 1081 1640 qnoque.

263 1671 341 1734 hinc
356 1691 459 1757 porro
475 1671 625 1755 quemvis
640 1671 837 1734 animantem
854 1692 895 1734 ex
910 1671 1062 1758 omnibus
1077 1691 1175 1736 unam

266 1805 345 1850 6666
360 1805 458 1848 66666
473 1804 577 1848 venae
592 1771 683 1848 calor
698 1806 793 1849 umor
808 1786 938 1850 viscera
952 1786 1046 1850 nervi

193 1919 243 1963 oro
266 1900 491 1974 constituunt3
503 1919 588 1984 quac
604 1906 682 1963 sunt
695 1920 797 1985 porro
814 1898 976 1964 distantia
987 1899 1100 1986 longe,

266 2014 415 2080 dissimili
428 2013 577 2098 perfecta
593 2013 699 2100 figura
713 2013 966 2099 principiorum.

266 2139 335 2195 tum
351 2150 452 2214 porro
469 2149 554 2213 quae
569 2149 709 2213 cumque
724 2129 791 2214 igni
804 2128 971 2193 flammata
985 2137 1190 2202 cremantur,

266 2246 294 2308 si
308 2245 354 2309 nil
368 2252 560 2330 praetcrea,
571 2251 682 2308 tamen
695 2243 781 2308 haec
794 2244 828 2308 in
844 2265 986 2330 corpore
1001 2243 1126 2318 celant,

265 2357 355 2422 uude
370 2358 477 2443 ignem
492 2359 600 2423 iacere
616 2367 650 2422 et
663 2359 773 2423 lumen
788 2359 991 2422 summittere
1006 2359 1137 2442 possint

194 2491 242 2535 676
266 2473 493 2556 scintillasque
508 2493 606 2556 agere
622 2493 661 2536 ae
676 2472 742 2536 late
758 2470 890 2536 differre
904 2472 1062 2538 favillam.

268 2595 380 2650 cetera
395 2586 554 2650 consimili
569 2587 687 2650 mentis
702 2587 830 2650 ratione
845 2607 1029 2671 peragrans
1117 2611 1120 2618 ·

266 2701 414 2765 invenies
428 2700 528 2784 igitur
543 2698 717 2762 multarum
733 2700 982 2764 seminatorum

268 2835 411 2901 corpore
427 2812 535 2876 celare
550 2821 584 2876 et
598 2814 707 2878 varias
723 2814 879 2879 cohibere
893 2815 1032 2900 figuras.

269 2929 412 3012 denique
426 2927 530 2992 multa
544 2927 639 2993 vides
649 2978 657 3006 ‚
669 2928 789 3022 quibus
806 2938 840 2994 et
855 2931 947 2995 color
963 2941 996 2996 et
1011 2954 1113 3017 sapor
1127 2955 1194 2997 una

196 3061 243 3107 666
267 3042 400 3108 reddita
415 3053 493 3108 sunt
508 3065 582 3108 eum
598 3043 764 3120 odore,in
779 3045 884 3129 privis
898 3045 1061 3132 pluraque
1077 3045 1180 3112 dona.

269 3159 353 3223 hace
368 3159 469 3244 igitur
483 3160 584 3224 variis
600 3159 725 3224 debent
739 3169 895 3224 constare
909 3161 1036 3245 liguris:

257 3272 366 3370 'nidor
381 3274 466 3336 enim
481 3280 636 3359 penetrat
651 3295 718 3357 qua
731 3275 828 3338 fucus
842 3296 912 3339 non
925 3276 952 3339 it
965 3277 999 3338 in
1013 3283 1119 3350 66666,

269 3386 366 3450 fucus
380 3387 458 3450 item
474 3407 622 3460 sorsum,
633 3409 764 3452 sorsum
779 3390 1080 3473 superinsinuatur

199 3519 247 3563 666
271 3501 424 3564 sensibus
434 3524 442 3575 ς
453 3508 493 3563 66
506 3481 628 3564 noscas
644 3501 747 3584 privis
762 3500 876 3566 differe
891 3503 1019 3589 figuris.

271 3613 447 3678 dissimiles
462 3614 562 3698 igitur
576 3613 701 3683 formae
716 3615 937 3700 glomeramen
952 3619 985 3682 iu
1000 3641 1102 3684 unum
1164 3657 1169 3669 ·

272 3729 490 3803 conveniunt,
502 3736 537 3791 et
549 3749 603 3792 res
618 3729 782 3812 permixto
798 3733 921 3796 semine
937 3741 1110 3799 constant.

273 3844 353 3929 quin
368 3843 465 3906 etiam
479 3843 603 3927 passim
616 3841 746 3908 nostris'
756 3845 790 3908 iu
804 3847 956 3912 versibus
971 3849 1053 3934 ipsis

271 3959 373 4021 multa
389 3957 549 4022 elementa
562 3958 657 4024 vides
672 3961 784 4024 multis
800 3963 985 4027 communia
998 3963 1128 4038 verbis,

275 4277 324 4325 686
342 4281 448 4342 parato.
478 4273 488 4340 ll
515 4279 562 4325 663
581 4273 706 4327 sedentes
728 4275 738 4342 ll
762 4279 810 4324 664
829 4275 959 4325 retinente
977 4283 1099 4342 parente.
1124 4275 1133 4341 l}
1158 4279 1207 4326 668
1225 4292 1291 4327 una.
1314 4276 1324 4344 Η
1352 4279 1397 4327 ora

274 4356 426 4411 traduntur.
449 4357 459 4424 ll
481 4357 610 4427 dlligite
634 4357 643 4424 ΙΙ
666 4363 712 4408 681
732 4357 825 4426 primis
843 4355 968 4424 pleraque
992 4357 1001 4420 ΙΙ
1024 4361 1073 4408 683
1092 4359 1199 4424 6666611
1218 4363 1267 4408 cet
1286 4359 1399 4422 Sireusll

275 4457 378 4492 sorsum
396 4443 481 4496 666661,
500 4441 510 4508 ΙΙ
529 4445 577 4492 685
597 4439 688 4508 primis
