2904 5180
205 440 250 506 92
573 461 578 470 ·
742 437 791 504 III

204 614 261 700 qui
274 613 374 676 nimia
387 612 523 675 levitate
532 611 663 676 ,cudunt
677 612 872 696 plerumque
886 611 1063 696 gravatim,

203 749 265 792 nec
279 726 428 813 repentis
442 726 524 790 itum
539 726 683 790 cuiusvis
699 746 839 810 eumque
854 724 1030 789 animantis

203 842 380 914 sentimus,
391 861 453 904 nec
468 840 564 926 priva
577 839 700 924 pedum
714 840 854 925 vestigia
868 860 1036 924 quaeque,

131 973 180 1020 sco
203 977 344 1042 corpore
361 957 494 1040 quaein
509 963 627 1019 nostro
643 954 765 1018 culices
782 962 816 1017 et
830 961 943 1017 cetera
956 962 1101 1040 ponunt.

202 1092 309 1156 usquc
324 1069 410 1135 adeo
424 1069 516 1156 prius
531 1068 632 1132 estin
646 1069 743 1132 nobis
758 1068 862 1132 multa
877 1067 1030 1132 ciendum

131 1203 179 1249 393
202 1186 327 1249 semina
341 1185 541 1271 corporibus
555 1183 683 1248 nostris
698 1183 835 1246 inmixta
849 1203 910 1268 per
925 1191 1032 1256 artus,

132 1316 181 1363 ssa
203 1321 302 1386 quam
314 1297 500 1385 primordia
514 1299 698 1362 sentiscant
712 1317 876 1362 concussa
891 1297 1009 1360 animai

131 1429 180 1478 394
203 1424 238 1478 ct
252 1435 350 1500 quam
363 1413 398 1477 in
412 1413 465 1476 his
478 1413 661 1477 intervallis
678 1411 859 1476 tuditantia
873 1411 1005 1496 possint

202 1549 403 1608 concursare
418 1527 508 1592 coire
524 1533 557 1590 et
573 1525 751 1590 dissultare
766 1526 907 1590 vicissim
917 1527 942 1611 .]

243 1642 290 1706 Et
302 1642 406 1726 magis
422 1649 474 1705 est
488 1641 615 1704 animus
630 1641 710 1704 vitai
725 1641 872 1705 claustra
886 1646 1043 1704 rotrocus

202 1765 236 1820 ot
251 1755 475 1819 dominantior
491 1753 651 1820 advitam
666 1777 764 1841 quam
780 1756 830 1819 vis
845 1755 976 1818 animai.

200 1891 276 1932 nam
292 1871 363 1934 siue
377 1877 486 1967 mente
502 1870 677 1956 animoque
692 1870 807 1955 nequit
820 1868 969 1934 residerc
983 1889 1044 1955 per
1058 1875 1151 1932 artus

201 1985 360 2069 temporis
376 1985 527 2070 exiguam
542 1993 672 2071 partem
686 2005 767 2070 pars
782 1985 849 2048 ulla
863 1985 996 2060 animai,

27 2175 28 2180 ἵ
129 2115 178 2160 4ου
202 2097 263 2162 sed
277 2120 390 2164 comes
403 2099 591 2184 insequitur
604 2097 701 2162 facilc
716 2107 751 2163 et
766 2098 910 2164 discedit
923 2099 957 2163 in
972 2119 1070 2162 auras

202 2221 236 2278 et
249 2213 379 2299 gelidos
394 2222 486 2278 artus
500 2214 534 2277 in
549 2214 606 2278 leti
620 2213 743 2299 frigore
757 2215 893 2299 linquit.

201 2336 237 2392 at
245 2317 362 2393 'manet
374 2329 408 2392 in
422 2329 493 2392 vita
507 2329 560 2392 cui
573 2351 667 2393 mens
681 2329 876 2414 animusque
890 2329 1063 2392 remansit.

201 2443 352 2527 quamvis
368 2451 419 2506 est
434 2443 556 2506 circum
571 2444 677 2508 caesis
692 2444 781 2507 lacer
795 2443 943 2528 undique
957 2442 1111 2506 membris

200 2564 356 2631 truncus,
367 2554 524 2642 adempta
538 2557 646 2620 anima
660 2557 780 2620 circum
795 2558 1015 2642 membrisque
1030 2562 1157 2619 remota

127 2687 175 2732 405
197 2669 280 2734 vivit
295 2677 329 2734 et
343 2670 449 2732 adrias
463 2669 572 2734 vitalis
587 2670 726 2756 suscipit
740 2690 853 2733 auras:

201 2784 228 2848 si
243 2805 311 2846 non
327 2781 542 2859 omnimodis,
554 2792 589 2848 at
603 2804 722 2869 magua
736 2791 832 2871 parte
846 2784 965 2848 animai

200 2898 369 2983 privatus,
380 2903 489 2961 tamen
504 2899 538 2962 in
553 2899 623 2962 vita
637 2907 814 2963 cunctatur
830 2905 864 2962 et
876 2897 1007 2972 hacret3

199 3021 253 3089 ut,
264 3013 412 3077 lacerato
429 3013 526 3078 oculo
542 3015 664 3078 circum
680 3015 707 3078 si
722 3014 849 3100 pupula
862 3013 982 3077 mansit

197 3128 387 3205 incolumis,
399 3135 468 3193 stat
483 3129 644 3194 cernundi
659 3131 773 3194 vivata
786 3136 954 3214 potestaS,

126 3260 175 3305 410
198 3242 277 3306 dum
290 3242 391 3308 modo
406 3265 449 3307 ne
463 3250 572 3308 totum
587 3265 783 3329 corrumpas
796 3243 927 3307 luminis
942 3241 1071 3316 orbem,

198 3364 231 3420 et
246 3357 369 3421 circum
383 3355 505 3421 caedas
519 3359 621 3421 aciem
637 3358 808 3442 solamque
822 3357 1005 3442 relinquas:

126 3488 174 3534 41³
197 3480 233 3536 at
247 3472 275 3536 si
290 3471 420 3536 tantula
433 3491 513 3555 pars
528 3470 615 3533 oculi
630 3469 739 3534 media
751 3471 807 3535 illa
820 3492 940 3557 peresa
956 3481 1022 3551 est,

198 3585 322 3650 occidit
337 3582 503 3669 extemplo
518 3583 627 3648 lumen
642 3586 867 3670 tenebraeque
882 3594 1053 3650 secuntur.

126 3715 174 3763 tiu
196 3700 262 3764 hoo
278 3699 386 3762 anima
400 3706 501 3782 atquc
517 3699 643 3762 animus
659 3699 759 3764 vincti
775 3709 854 3764 sunt
868 3699 1006 3765 foedere
1021 3723 1165 3788 semper.

238 3813 269 3878 N
272 3835 336 3878 uno
351 3833 430 3898 age,
441 3813 574 3878 nativos
589 3814 809 3878 animantibus
824 3821 858 3878 et
871 3816 1020 3880 mortalis

198 4031 399 4039 —————

199 4161 245 4208 ³91
267 4154 372 4209 ciendo.
400 4157 410 4223 ΙΙ
437 4161 486 4208 394
505 4155 541 4208 Et
559 4160 663 4227 quantis
690 4159 699 4228 Η
728 4164 777 4212 399
797 4160 907 4230 exigiam
935 4159 946 4227 ΙΙ
973 4165 1056 4214 40οο
1082 4161 1093 4229 ΙΙ
1120 4167 1169 4214 403
1188 4167 1290 4213 cretum
1319 4163 1333 4231 ῃ

199 4245 249 4292 404
268 4247 364 4292 remot.
384 4239 395 4306 ΙΙ
412 4245 462 4292 405
481 4240 611 4292 aetherias
635 4239 646 4307 11
669 4247 718 4294 412
738 4240 769 4294 Id
787 4259 892 4312 quoquc
910 4243 979 4294 euim
998 4244 1055 4296 sinc
1072 4245 1191 4314 pernicio
1207 4259 1261 4296 nou
1280 4244 1333 4298 fiet

199 4339 303 4376 corum.
330 4320 340 4390 ΙΙ
367 4327 423 4404 415¹
435 4319 579 4374 incolumis
598 4325 716 4391 quumvis
739 4325 836 4395 alioqui
859 4323 1014 4395 splendidus
1033 4326 1119 4380 orbis.
1146 4327 1157 4394 ΙΙ
1184 4333 1233 4380 417
1252 4343 1331 4398 ruor-

199 4405 308 4458 talibus.
