2970 5268
276 496 342 564 100
422 459 424 470 '
811 493 859 562 m

311 671 357 735 Et
372 670 527 756 quoniam
544 677 616 732 toto
630 667 793 732 sentimus
809 669 953 754 corpore
967 668 1076 732 inesse

198 805 246 851 666
270 786 404 852 vitalem
420 805 552 847 sensum
568 791 601 846 66
614 791 722 846 totum
736 803 810 846 esse
825 782 964 846 animale
979 781 1149 854 videmus,

271 902 299 966 si
314 899 426 965 subito
441 895 583 961 medium
600 896 698 960 celeri
714 895 914 983 praeciderit
927 896 993 960 ictu

270 1017 321 1080 vis
336 1014 464 1099 aliqua,
474 1020 513 1076 ut
527 1033 657 1076 sorsum
672 1021 801 1098 partem
816 1007 970 1075 secernat
984 1020 1176 1097 utramque,

271 1129 446 1216 dispertita
462 1127 579 1214 procul
595 1126 698 1191 dubio
715 1147 850 1212 quoque
865 1127 916 1189 vis
931 1126 1049 1188 animai

271 1255 305 1310 ct
319 1243 461 1309 discissa
474 1242 571 1306 simul
585 1263 658 1306 eum
673 1261 817 1326 corpora
832 1240 1035 1306 dissicietur.

181 1379 247 1432 ,646
270 1367 304 1425 at
319 1357 412 1445 quod
427 1355 591 1422 scinditur
606 1363 641 1420 et
657 1356 761 1442 partis
777 1355 921 1419 discedit
933 1355 967 1418 in
983 1355 1081 1420 ullas.

268 1474 411 1546 scilicet,
423 1479 589 1534 aeternam
606 1471 667 1534 sibi
683 1479 834 1534 naturam
850 1471 967 1534 abnuit
982 1491 1070 1534 esse.

267 1589 434 1654 falciferos
450 1593 634 1651 memorant
648 1607 764 1650 currus
780 1583 953 1650 abscidere
968 1587 1114 1649 membra

268 1725 369 1788 saepe
383 1702 430 1765 ita
445 1699 488 1764 de
503 1701 614 1765 subito
629 1700 794 1786 permixta
809 1699 913 1763 caede
928 1699 1083 1774 calentis,

266 1826 306 1882 ut
319 1825 461 1881 tremere
475 1816 510 1878 iu
524 1824 615 1879 terra
629 1814 784 1878 videatur
799 1816 841 1878 ab
856 1813 995 1878 artubus
1010 1813 1044 1878 id
1061 1813 1153 1900 quod

195 1949 244 1996 646
267 1929 393 1996 decidit
408 1929 573 1992 abscisum
583 1978 591 2002 ,
601 1951 675 1992 eum
689 1951 783 1994 ruens
797 1937 909 1993 tamen
923 1937 1026 2014 atque
1040 1929 1183 1993 hominis
1197 1933 1248 1994 vis

267 2045 449 2110 mobilitate
465 2043 540 2106 mali
554 2061 623 2104 non
639 2045 711 2126 quit
726 2044 849 2106 sentire
865 2043 1033 2109 dolorem:

269 2170 303 2226 66
317 2158 419 2224 semel
432 2159 466 2221 in
481 2177 613 2244 pugnae
627 2155 741 2220 studio
757 2156 850 2241 quod
865 2156 980 2221 dedita
994 2179 1087 2223 mens
1103 2169 1170 2229 est,

267 2296 409 2364 corpore
423 2273 554 2358 reliqiio
570 2291 714 2358 pugnam
730 2269 919 2354 caedesque
933 2274 1088 2357 petessit,

266 2413 329 2455 nec
343 2397 436 2453 tenet
451 2388 603 2452 amissam
619 2387 747 2450 laevam
762 2407 836 2450 cum
853 2387 994 2471 tegmine
1010 2407 1110 2471 saepe

194 2523 244 2570 666
266 2507 353 2569 inter
369 2525 475 2587 equos
490 2502 648 2565 abstraxe
664 2513 756 2565 rotas
771 2501 942 2584 falcesque
956 2521 1110 2586 rapaces,

266 2640 329 2684 nec
344 2616 505 2681 cecidisse
520 2616 603 2679 alius
619 2615 786 2690 dextram,
797 2635 872 2678 eum
887 2614 1019 2679 scandit
1033 2624 1067 2679 66
1081 2617 1200 2680 instat.

266 2731 344 2797 inde
359 2732 442 2796 alius
458 2739 598 2794 conatur
613 2728 771 2815 adempto
787 2751 924 2815 surgere
940 2752 1052 2805 crure,

266 2870 339 2913 cum
356 2845 478 2933 digitos
493 2845 597 2931 agitat
612 2854 752 2931 propter
767 2843 984 2909 moribundus
999 2845 1089 2908 humi
1104 2867 1181 2930 pes.

267 2973 301 3028 et
316 2970 419 3050 caput
435 2961 601 3026 abscisum
616 2960 725 3024 calido
740 2961 940 3045 viventeque
956 2971 1076 3024 trunco

193 3094 242 3142 666
264 3087 378 3144 servat
391 3077 482 3141 humi
497 3078 623 3143 voltum
639 3077 771 3141 vitalem
788 3077 971 3160 oculosque
986 3076 1145 3160 patentis.

265 3193 373 3270 donec
388 3193 545 3276 reliquias
561 3194 677 3256 animai
694 3189 842 3256 reddidit
857 3212 972 3255 omnes
982 3193 997 3251 .“

264 3310 345 3394 quin
360 3307 458 3371 etiam
473 3307 531 3370 tibi
548 3308 592 3382 si,
603 3307 715 3392 liugua
731 3307 899 3378 vibrante,
911 3306 1043 3370 micanti

264 3429 452 3509 serpentem
468 3419 622 3492 cauda,e
637 3441 779 3504 procero
795 3441 936 3507 corpore
951 3421 1133 3504 utrimque,

263 3538 307 3601 sit
321 3536 447 3599 libitum
461 3536 494 3598 in
511 3533 632 3597 multas
647 3535 752 3618 partis
769 3533 933 3599 discidere
949 3536 1055 3610 ferro,

191 3669 241 3716 666
264 3651 373 3716 omnia
386 3651 450 3713 iam
467 3669 598 3712 sorsum
614 3669 730 3712 cernes
745 3651 859 3714 ancisa
873 3652 998 3714 recenti

261 3766 399 3832 volnere
416 3763 533 3830 tortari
549 3770 582 3827 et
597 3771 719 3828 terram
735 3787 959 3851 conspargere
974 3767 1067 3838 tabo,

259 3883 365 3968 ipsam
381 3899 485 3965 seque
499 3886 590 3942 retro
606 3888 734 3964 partem
750 3889 865 3966 potere
881 3901 939 3944 ore
954 3881 1114 3965 priorem,

260 3996 406 4061 volneris
421 3993 552 4060 ardenti
567 4005 607 4058 ut
621 4017 731 4060 morsu
748 4005 876 4082 premat
891 3996 957 4060 icta
972 3995 1138 4062 dolorem.

260 4319 308 4364 644
328 4301 362 4364 ad
380 4311 490 4362 artubus
518 4311 527 4378 Η
555 4315 603 4362 645
624 4311 723 4366 llicidit
748 4315 756 4383 ll
780 4319 829 4365 647
849 4311 926 4364 simul
945 4313 955 4373 ll
974 4317 1024 4364 650
1042 4321 1101 4365 rote
1120 4315 1130 4382 ll
1148 4318 1195 4364 651
1216 4314 1291 4366 istat.
1310 4317 1321 4384 ll
1340 4321 1387 4365 667

259 4395 379 4450 minanti.
408 4393 418 4460 ΙΙ
446 4399 495 4445 666
514 4394 652 4464 Serpentis
672 4397 754 4450 66666
772 4411 884 4466 procero
912 4397 921 4462 ll
949 4405 1101 4464 utroruquc.
1138 4399 1147 4465 ll
1183 4402 1233 4447 662
1252 4406 1355 4450 6666666
1378 4401 1388 4462 ll

258 4485 306 4529 666
326 4477 433 4529 dolore.
