2990 5202
317 469 384 536 146
846 463 893 532 111

314 653 392 710 aar.
413 641 568 725 exceptio
583 639 685 704 estin
699 638 896 722 pronomine
911 635 1060 722 duplici,
1082 644 1117 700 et
1138 657 1199 722 per
1219 645 1371 702 neutrum
1382 639 1408 700 in

315 741 451 806 duobus
466 739 654 804 nominibus
664 785 671 800 .
681 735 796 810 v1,298
810 736 914 820 paea
928 734 983 800 ille
1005 735 1113 798 l'ertea
1127 757 1217 822 quem
1225 736 1331 820 patrio
1343 736 1409 798 coci·

315 851 414 904 tcmra
426 836 674 924 mmiaefulmm
682 881 689 898 .
698 856 743 909 rv,
751 832 813 898 369
823 831 861 896 id
871 833 954 919 quod
965 855 1021 896 aas
1034 832 1174 896 ambrum
1182 832 1343 917 perhibere
1354 843 1408 896 aa·

313 963 382 1002 mue
396 986 403 1001 .
418 959 463 1012 vr,
471 935 532 1000 702
546 957 601 1000 ace
615 931 709 1019 quod
713 931 828 1019 fauces
836 931 1031 1016 perdideram
1045 942 1074 994 et
1086 953 1143 996 cra
1157 977 1164 995 .
1183 953 1232 1002 111,
1242 931 1303 996 139
1321 932 1409 995 Cora-

314 1041 389 1104 liam
408 1085 416 1117 ,
440 1034 533 1120 quod
552 1056 608 1097 acc
620 1034 757 1096 manum
769 1041 954 1116 mentemque
974 1053 1116 1094 cocorum
1138 1077 1146 1094 .
1170 1027 1241 1104 058
1257 1028 1350 1109 Quae
1367 1051 1409 1090 cor

314 1136 471 1202 maedam
485 1145 514 1196 et
522 1132 815 1217 penduliaaorpora
829 1129 919 1192 rebus
931 1171 1018 1184 ·--
1032 1129 1200 1214 Appellare
1213 1138 1349 1192 maras.
1360 1123 1409 1190 sed

315 1253 403 1318 quae
415 1229 587 1296 Charisius
602 1211 744 1302 subicit,
765 1226 823 1290 tbi
841 1226 941 1290 Velius
952 1226 1078 1312 Laupas
1086 1219 1243 1312 ‘panorm'
1254 1219 1408 1313 inqrrd‘cd·

313 1331 485 1397 entialiter
498 1328 684 1392 Medum
697 1327 761 1404 eet',
774 1345 814 1388 aa
824 1324 919 1408 (nam
930 1344 1019 1388 vana
1030 1322 1163 1409 profert
1173 1323 1409 1390 Lindemaonm

315 1454 348 1517 p.
359 1429 399 1494 52
410 1451 442 1492 0.
457 1428 514 1510 18)
538 1446 581 1490 ex
595 1423 705 1511 Longi
722 1425 758 1488 in
772 1421 925 1488 Aeneida
945 1421 1194 1488 commentariis
1209 1423 1318 1506 petita
1330 1427 1408 1486 sunt.

313 1529 435 1594 horum
445 1525 534 1589 libro
546 1522 696 1588 secundo
709 1520 882 1586 Charisius
893 1541 926 1604 p.
940 1519 999 1585 153
1010 1541 1093 1586 usus
1104 1527 1174 1584 est:
1190 1517 1233 1584 de
1244 1541 1346 1584 versu
1355 1518 1407 1581 Lu·

316 1625 467 1692 cretiana
482 1620 599 1686 Velius
620 1625 864 1684 commentatus
886 1637 961 1682 esse
981 1617 1094 1704 potuit
1110 1615 1156 1684 ad
1171 1617 1242 1682 eius
1257 1617 1335 1682 libri
1346 1637 1407 1680 ver·

315 1744 390 1788 sum
401 1722 458 1794 79,
469 1720 528 1784 ubi
539 1725 592 1782 001
603 1717 672 1782 Hoc
676 1719 815 1802 [0110000
829 1763 836 1777 .
855 1714 1000 1780 eundem
1018 1716 1134 1780 Veliam
1144 1717 1177 1778 iu
1188 1715 1293 1802 quaesto
1306 1721 1408 1780 testem

315 1819 397 1884 facit
413 1817 585 1882 Charisius
600 1814 682 1900 pue
699 1837 707 1876 ι
731 1813 793 1878 sed
814 1814 885 1878 eius
899 1814 1006 1878 verba
1025 1813 1075 1878 ita
1097 1812 1281 1878 scribenda
1294 1821 1368 1878 sunt
1379 1821 1409 1874 nt

315 1921 474 2004 leguntur
484 1915 518 1978 in
527 1913 752 2000 grammaticis
764 1911 1088 1998 Vindobonensibus
1098 1934 1130 1997 p.
1148 1911 1222 1977 110.
1234 1932 1280 1974 ex
1292 1911 1371 1976 Velii
1383 1911 1408 1974 in

315 2015 453 2082 tertium
466 2010 637 2078 Aeneidos
652 2010 893 2075 commentario
913 2009 1021 2094 petita
1036 2019 1116 2074 sunt
1131 2031 1218 2094 quae
1232 2009 1338 2076 habet
1349 2009 1408 2074 Ma·

315 2114 451 2180 orobius
467 2111 538 2175 Sat.
553 2108 647 2184 111,6.

397 2211 448 2276 95.
470 2231 733 2284 anorunaoun
761 2229 951 2272 vocaruu
978 2230 1048 2272 nsr
1077 2255 1084 2270 .
1112 2205 1280 2272 Marullus
1302 2227 1408 2270 noer·

315 2333 394 2376 surr
410 2321 467 2374 eet.

288 2455 295 2474 .
397 2407 447 2472 98.
462 2405 627 2470 Sensum
642 2423 760 2465 nurum
777 2401 890 2464 .Ante
903 2399 989 2465 haec
1005 2422 1138 2466 versum
1153 2421 1256 2464 unum
1273 2400 1327 2465 vel
1341 2420 1405 2486 peu·

314 2528 374 2571 cos
386 2504 554 2568 excidisse
564 2497 777 2562 manifestum
788 2507 857 2560 est:
872 2498 935 2562 sed
951 2519 1050 2584 quem
1062 2519 1198 2564 versum
1209 2500 1339 2564 habant
1347 2495 1406 2562 libri

313 2601 468 2686 impressi
483 2603 618 2686 praeter
630 2593 895 2668 vetustissimos,
911 2595 1046 2674 eracuis
1059 2597 1154 2662 multa
1168 2598 1292 2683 quidem
1305 2599 1406 2684 sapien·

314 2697 479 2764 temtabo
488 2703 639 2780 potarunt
654 2739 662 2770 ,
687 2710 762 2754 eum
777 2711 836 2754 cur
851 2712 948 2756 nemo
965 2715 985 2755 a
999 2693 1190 2759 Micbahele
1204 2695 1350 2760 Marullo
1362 2693 1406 2756 lio

232 2813 237 2822 ·
314 2807 386 2860 tum
401 2813 476 2858 esse
490 2788 712 2862 intellexerit,
733 2787 790 2872 qui
806 2809 876 2851 rem
892 2789 1183 2856 consideraverint
1195 2792 1406 2860 mirabuntm:

204 2877 209 2894 ’
315 2914 378 2980 ego
387 2893 421 2956 in
431 2889 619 2956 editoribus
627 2887 775 2951 Lucretii
783 2886 867 2950 nihil
877 2888 1066 2953 mirandum
1076 2888 1182 2954 duco.
1198 2891 1407 2975 primushunc

313 3011 448 3056 versum
464 2988 572 3054 edidit
585 2985 814 3070 Hieronymus
825 2985 992 3050 Aventius
1003 2984 1211 3052 Veronensis
1226 2988 1262 3052 in
1277 2989 1406 3054 editione

312 3089 459 3164 Aldina,
480 3107 565 3172 quae
580 3083 709 3169 prodiit
722 3103 837 3148 mense
851 3082 1030 3149 Decembri
1047 3086 1124 3164 anni
1140 3109 1205 3150 uo:
1231 3087 1368 3152 eundem
1379 3103 1406 3148 m

311 3186 462 3260 Iuntina,
475 3205 562 3268 quae
577 3202 666 3246 anno
677 3203 776 3244 unm
787 3180 952 3264 impressa
963 3187 1033 3257 est,
1045 3181 1168 3249 Petrus
1179 3181 1351 3250 Candidus
1361 3203 1406 3246 ex·

312 3285 442 3356 hibuit,
459 3279 595 3346 Marulli
608 3300 647 3344 00
660 3280 694 3343 10
709 3277 776 3344 boc
791 3299 896 3363 opere
911 3301 1086 3344 censuram
1102 3281 1314 3366 potissimum
1327 3301 1406 3346 secu·

312 3393 384 3445 tum
398 3378 574 3464 professus
589 3425 596 3440 .
617 3397 699 3463 ergo
714 3425 722 3450 ,
738 3377 895 3460 quoniam
911 3377 980 3442 duo
996 3399 1064 3442 non
1079 3385 1266 3464 potuerunt
1281 3378 1405 3444 eunden

312 3497 447 3542 versum
458 3475 587 3548 facere,
599 3483 659 3538 aut
668 3474 804 3538 Marulli
816 3483 869 3540 est
879 3484 939 3540 aut
949 3477 1085 3542 Avantii
1101 3525 1109 3541 .
1128 3479 1247 3563 atquin
1257 3477 1406 3542 Aventius
1462 3463 1463 3466 ¹

312 3596 381 3639 000
392 3571 1103 3658 0111010011000000100010011,0011000001.Ι
1117 3574 1274 3660 idemque
1288 3577 1323 3640 in
1335 3575 1405 3638 libro

312 3693 349 3736 rv
363 3691 496 3734 versum
511 3675 591 3753 post
608 3668 666 3734 102
681 3668 834 3733 additum
847 3670 897 3734 ita
919 3680 1116 3758 corruptum
1139 3672 1254 3750 dedit,
1275 3695 1405 3760 corpora

310 3794 360 3835 res
377 3769 488 3832 multas
502 3789 580 3854 perae
593 3767 715 3830 mitteret
727 3789 854 3851 corpore
868 3781 973 3853 aperto
995 3817 1003 3849 ,
1027 3791 1103 3834 cum
1125 3769 1218 3856 apud
1234 3770 1405 3836 Candidum

311 3875 406 3932 recte
420 3866 553 3952 legatur
567 3888 615 3928 ree
628 3865 763 3928 multae:
784 3864 867 3929 etin
883 3865 1002 3930 eodem
1016 3867 1104 3932 libro
1116 3875 1197 3952 post
1210 3889 1344 3934 versum
1357 3861 1405 3931 532

309 3963 475 4028 Aventius
490 3962 562 4026 0100
576 3961 644 4026 0110
660 3983 761 4026 sensu
775 3985 873 4026 rauca
886 3966 965 4037 0010,
978 3976 1006 4028 et
1018 3966 1076 4028 iter
1089 3967 1191 4031 reddit
1204 3989 1266 4052 quc
1280 3964 1404 4032 weitin

311 4084 433 4138 aurae,
457 4058 630 4123 Candidus
646 4068 757 4124 autem
780 4059 956 4125 emendate
973 4062 1085 4126 Rauca
1106 4065 1162 4127 ciis
1184 4076 1213 4128 et
1233 4067 1291 4130 iar
1311 4061 1403 4128 laedit·

310 4159 386 4244 quis
398 4157 500 4242 igitur
516 4154 673 4222 dubitare
686 4164 803 4242 potest
817 4157 897 4242 quin
908 4158 1094 4234 Aventius,
1110 4162 1167 4246 qui
1182 4183 1219 4226 se
1234 4159 1404 4246 corruptis·

309 4257 426 4322 simum
449 4252 599 4316 Lucretii
618 4260 739 4336 poema
762 4254 832 4318 sine
855 4255 995 4340 antiquo
1017 4257 1200 4343 exemplari
1222 4259 1402 4324 emendasse

179 4347 182 4353 “
308 4351 449 4426 scribit,
467 4358 500 4414 et
515 4350 577 4414 hos
594 4358 628 4414 et
642 4359 775 4416 ceteros
790 4371 899 4416 novos
913 4375 1034 4420 versus
1048 4357 1196 4441 itemque
1211 4354 1402 4422 emendatio·

305 4471 367 4516 nes
386 4449 577 4514 innumeras
591 4447 737 4514 Marullo
759 4447 905 4524 debeat,
928 4451 991 4516 scd
1011 4454 1160 4520 noluerit
1173 4454 1317 4520 Marullo
1337 4451 1402 4514 vivo
