2946 5188
247 384 383 512 22·
804 440 819 507 1

248 613 327 700 quid
344 637 446 700 porro
462 623 646 700 nequeant,
660 613 822 679 sancitum
837 611 1109 698 quandoquidem
1125 619 1233 683 extat.

247 750 310 793 nec
324 736 545 794 commutatur
560 729 737 815 quiequam
747 776 755 802 ‚
765 728 844 812 quin
859 727 969 792 omnia
983 735 1140 791 constent

247 864 354 929 usque
369 843 472 920 adeo,
484 843 595 906 variae
609 843 764 908 volucres
779 851 817 905 ut
830 843 864 906 in
879 841 997 906 ordine
1013 849 1154 906 eunome

178 973 226 1019 590
249 957 430 1022 ostendant
445 957 591 1022 maculas
604 956 769 1043 generalis
785 977 927 1041 corpore
942 956 1068 1024 inesse.

248 1071 440 1135 inmutabili
451 1073 607 1137 materiae
622 1093 757 1157 quoque
772 1093 896 1156 corpus
911 1069 1036 1134 habere

250 1183 391 1261 debent,
402 1187 436 1250 ni
451 1187 566 1250 mirum
576 1209 583 1250 :
592 1207 668 1250 nam
683 1186 712 1250 si
726 1183 908 1271 primordia
921 1205 1032 1248 rerum

250 1301 444 1364 commutari
459 1301 570 1386 aliqua
585 1308 727 1386 possent
740 1299 870 1364 ratione
885 1299 1028 1373 revicta,

248 1412 410 1478 incertum
427 1436 562 1498 quoque
576 1415 639 1478 iam
655 1422 788 1478 constet
803 1411 884 1498 quid
898 1413 1009 1500 possit
1023 1412 1117 1486 oriri,

179 1541 227 1588 sss
250 1526 332 1610 quid
346 1537 511 1610 nequeat,
523 1527 615 1592 linita
628 1534 781 1614 potestas
796 1525 941 1612 denique
956 1528 1075 1611 cuique

251 1661 318 1724 qua
331 1662 407 1704 nam
422 1642 466 1705 sit
480 1641 608 1705 ratione
623 1650 725 1725 atque
739 1640 804 1705 alte
819 1641 976 1704 terminus
990 1640 1149 1709 haerens.

251 1773 313 1817 nec
327 1755 450 1819 totiens
465 1763 605 1841 possent
619 1755 801 1840 generatim
816 1754 927 1818 saecla
941 1754 1067 1818 referre

252 1877 405 1932 naturam
419 1889 529 1934 mores
545 1869 667 1934 victum
683 1877 861 1953 motusque
876 1879 1069 1952 parentum.

293 1981 378 2046 Tum
393 2004 496 2069 porro
513 1984 593 2068 quia
606 2005 681 2048 nam
696 1991 750 2047 est
765 1991 948 2046 extremum
964 1980 1124 2068 quodque
1139 2003 1300 2048 eacumen

180 2111 229 2157 eoo
252 2097 404 2182 corporis
420 2097 518 2162 ullius
528 2145 536 2174 ‚
548 2096 641 2182 quod
655 2098 762 2162 nostri
777 2116 914 2161 cernere
929 2117 1048 2160 sensus

251 2209 314 2274 iam
329 2212 525 2296 nequeunt?
534 2211 570 2277 id
580 2261 587 2287 ‚
598 2212 632 2276 ni
646 2213 762 2276 mirum
772 2259 779 2286 ‚
791 2211 862 2276 sine
876 2211 1029 2297 partibus
1045 2219 1138 2274 extat

253 2332 287 2388 et
302 2325 433 2388 minima
447 2335 584 2392 constat
597 2335 734 2404 natura,
747 2347 808 2390 nec
822 2325 885 2390 fuit
898 2346 1054 2410 umquam

253 2458 313 2522 per
328 2460 364 2503 se
380 2449 544 2504 secretum
559 2463 667 2525 neque
682 2447 761 2525 post
774 2441 838 2504 hac
855 2461 929 2530 esse
944 2439 1083 2520 valebit,

253 2550 390 2616 alterius
406 2555 595 2636 quoniamst
608 2555 716 2639 ipsum
730 2575 809 2639 para
819 2601 827 2626 ,
838 2555 1011 2641 primaque
1026 2561 1060 2616 et
1073 2573 1141 2616 una

183 2681 231 2728 aot
253 2663 331 2728 inde
347 2665 430 2728 aliae
445 2676 546 2752 atque
561 2667 643 2731 aliae
659 2666 780 2730 similes
797 2687 839 2729 ex
853 2665 971 2729 ordino
986 2675 1100 2752 partes

254 2779 382 2864 agmine
398 2779 568 2872 condenso
584 2789 736 2845 naturam
750 2781 903 2868 corporis
919 2779 1068 2865 explent3

255 2913 342 2977 quae
356 2894 513 2978 quoniam
527 2915 587 2980 per
601 2916 638 2959 se
653 2904 824 2980 nequeunt
838 2901 1011 2968 constare,
1022 2903 1195 2960 necessest

165 3081 169 3096 ι
254 3005 393 3073 haerere
408 3007 498 3073 unde
513 3017 637 3094 queant
651 3010 741 3074 nulla
755 3011 886 3075 ratione
901 3007 1030 3072 revelli.

255 3130 335 3187 sunt
346 3123 447 3209 igitur
462 3123 570 3189 solida
584 3124 766 3213 primordia
781 3125 1006 3210 simplicitate,

183 3253 235 3301 olo
258 3258 343 3321 quae
358 3237 496 3301 minimis
512 3239 637 3326 stipata
652 3239 836 3302 cohaerent
849 3239 1001 3323 partibus
1016 3244 1103 3312 arte,

159 3335 165 3352 ⁸
255 3371 323 3414 non
339 3371 381 3413 ex
397 3350 538 3414 ullorum
553 3360 722 3414 conventu
737 3350 927 3421 conciliata,

256 3462 318 3528 sed
332 3465 436 3549 magis
452 3474 587 3528 aeterna
602 3463 763 3549 pollentia
778 3463 1004 3548 simplicitate,

255 3576 345 3642 unde
360 3599 469 3663 neque
485 3577 582 3642 avelli
596 3577 773 3661 quicquam
787 3598 897 3662 neque
913 3577 1057 3642 deminui
1070 3579 1135 3644 iam

256 3691 412 3756 concedit
426 3699 545 3756 natura
559 3711 736 3754 reservans
752 3692 876 3756 semina
889 3694 1006 3756 rebus.

184 3823 233 3870 ors
254 3815 430 3892 praeterea
444 3805 507 3869 nisi
522 3805 584 3869 erit
598 3805 781 3882 minimum,
792 3807 989 3892 parvissima
1004 3827 1157 3892 quaeque

107 3903 112 3916 ’
257 3943 400 4009 corpora
415 3921 618 3984 constabunt
634 3941 674 3983 ex
688 3920 841 4005 partibus
856 3920 1007 3997 infinitis;

257 4035 381 4123 quippe
395 4035 451 4099 ubi
467 4033 621 4100 dimidiae
636 4035 742 4122 partis
756 4059 835 4123 pars
851 4057 981 4121 semper
995 4034 1133 4099 habebit

258 4319 309 4364 588
326 4313 466 4366 comitator
484 4315 494 4380 ΙΙ
512 4321 649 4366 constant.
669 4315 678 4380 11
698 4321 744 4366 tar
767 4311 936 4366 lnrnumbiles
956 4314 965 4380 11
985 4319 1033 4366 1911
1053 4315 1176 4384 qnoniam
1196 4316 1205 4381 11
1225 4321 1274 4369 6011
1287 4315 1354 4368 illius
1372 4315 1382 4378 11

258 4399 307 4446 tot
326 4393 429 4464 explet.
449 4393 625 4462 11611811111111
646 4401 693 4447 1111
715 4395 816 4449 illorum
836 4397 845 4462 ll
865 4402 913 4447 1113
933 4403 999 4449 tani.
