2990 5202
601 509 690 596 ru
975 501 977 506 ·
1151 483 1260 582 165’

108 684 121 768 i
128 683 208 770 993)
224 683 365 769 scripsit
376 682 430 750 Eu
443 684 508 747 oleo
521 684 601 748 need
613 685 701 748 recab
714 683 829 750 debebit
838 685 1016 752 Arachnae:
1026 705 1104 750 nam
1117 684 1218 754 hariae

108 781 201 848 modi
216 781 356 850 delicias
370 780 675 846 Alexandrinorum
697 782 732 846 in
752 783 871 864 poesin
885 782 1042 852 Latinam
1056 783 1153 868 primi
1167 785 1217 849 in-

70 881 71 885 ’
109 881 329 946 vexeruntilli
338 899 424 966 quos
434 877 553 944 Cicero
564 879 647 944 dicit
657 890 795 946 cannes
803 879 1010 966 Ειφήοήωιὶε
1020 881 1215 966 (κεωτέρογε

108 979 258 1067 appellat
271 979 362 1046 idem
377 977 422 1042 ad
436 979 585 1050 Atticum
608 978 826 1063 epistularum
841 978 928 1054 vu,2
944 1027 952 1054 ‚
971 980 1030 1044 ubi
1051 979 1218 1065 significat

108 1099 166 1142 eos
177 1099 336 1144 versuum
347 1077 493 1151 mollium
506 1086 541 1142 et
552 1077 732 1142 doctorum
742 1077 933 1144 studiosos:
946 1079 1047 1144 Flevit
1057 1079 1096 1142 ab
1109 1077 1216 1164 Epiro,

107 1176 217 1261 inquit
231 1223 239 1250 ‚
255 1177 425 1240 maumas
443 1175 662 1242 Onchesmites.
681 1175 761 1240 hune
776 1175 1018 1240 cnonhenizonra
1033 1178 1060 1240 si
1075 1179 1217 1242 arinates

106 1273 176 1338 τῶκ
192 1273 368 1359 uenitque
379 1297 441 1359 pro
455 1284 506 1338 tuo
520 1275 674 1358 ondita),
688 1271 795 1342 Cinna
809 1281 844 1340 et
860 1271 978 1338 Gallus
992 1319 1001 1348 ‚
1019 1274 1084 1338 nisi
1098 1274 1215 1348 failor,
1266 1293 1273 1302 ’

106 1381 141 1437 et
154 1373 261 1436 multo
282 1373 387 1459 magis
405 1379 527 1456 postea
548 1370 699 1436 scholica
714 1371 856 1457 Vergilii
870 1380 905 1435 et
920 1378 1109 1438 ceterorum
1123 1378 1216 1446 vete·

105 1492 180 1536 rum
194 1477 370 1556 poetarum
384 1469 596 1536 recordatio.
607 1490 628 1532 a
639 1469 750 1534 Statio
766 1469 885 1536 alcedo
902 1471 1026 1536 dicitur
1035 1473 1172 1559 Alcqaru
1182 1472 1215 1534 in

105 1568 304 1634 Thebaidos
319 1591 365 1644 rx,
373 1568 452 1634 3612
471 1567 687 1655 Vergilianas
710 1568 860 1634 canuti
874 1589 944 1632 non
958 1569 1042 1632 satis
1057 1562 1228 1634 convenit

105 1666 201 1753 quod
223 1667 329 1730 estin
349 1666 532 1751 georgicon
553 1687 602 1738 111,
612 1664 674 1730 338
694 1666 863 1751 Litoraque
883 1667 1038 1753 Alcyonen
1057 1679 1200 1732 renarrant
1206 1715 1215 1747 ,

105 1766 166 1832 sed
189 1766 304 1850 potius
324 1766 505 1852 alcyonea,
525 1771 565 1827 ut
585 1764 620 1828 in
634 1763 818 1848 georgicon
833 1785 855 1838 1,
864 1763 926 1828 399
941 1766 1080 1830 Dilectae
1099 1765 1216 1830 Thetidi

104 1866 264 1952 ahqmrea
277 1862 321 1927 de
332 1861 405 1928 Silii
415 1881 517 1928 versu
528 1883 597 1936 xrv,
606 1859 667 1924 275
678 1881 747 1924 non
762 1861 963 1948 disputab0,
974 1864 1009 1927 in
1024 1883 1091 1948 quo
1107 1865 1214 1950 scrip·

104 1969 175 2027 tum
199 1969 252 2026 est
273 1962 350 2027 Germ
367 1971 456 2026 conat
475 1960 649 2048 Haquorres
669 1971 778 2026 amau:
793 1961 829 2026 in
843 1958 972 2026 Valerii
993 1961 1105 2028 Flacci
1120 1985 1163 2038 ιν,
1173 1965 1214 2029 45

103 2071 185 2128 ante
200 2061 373 2126 Heinsius]
394 2063 531 2148 ahqonis
550 2063 679 2126 miserae
684 2062 846 2148 satumque
859 2063 1016 2148 laremque
1030 2109 1037 2124 .
1056 2063 1139 2127 mire
1154 2063 1215 2127 Se-

100 2183 190 2228 neca
203 2162 239 2226 in
252 2162 503 2246 Agamemnone
518 2159 579 2224 680
594 2161 663 2224 lieet
677 2161 816 2247 atayorees
835 2163 932 2247 Ceyca
945 2183 1034 2224 snum
1048 2199 1081 2210 -
1095 2173 1215 2226 msera.

101 2260 167 2326 sed
182 2259 314 2324 leniora
328 2266 408 2322 sunt
419 2279 506 2343 quae
517 2257 669 2344 pluribus
681 2259 794 2326 verbis
804 2259 980 2324 historiam
995 2259 1215 2334 adumbrant,

103 2357 193 2422 utin
207 2375 242 2417 ιν
253 2355 437 2440 georgicon
451 2355 487 2418 15
497 2377 693 2442 meropesque
707 2358 847 2443 aliaeque
860 2358 1011 2436 achaea,
1020 2357 1065 2422 Er
1076 2359 1215 2422 maiheu

104 2457 225 2520 stoan
231 2464 340 2538 peetus
353 2454 473 2537 siqnota
487 2455 636 2518 emman·
655 2453 789 2528 durius,
808 2453 902 2539 quod
916 2455 1139 2521 Marklandus
1154 2479 1215 2520 vo-

103 2555 212 2628 lebat,
223 2551 352 2616 maiar
365 2553 497 2618 arcemn
511 2551 583 2616 sine
596 2550 722 2640 indicio
737 2551 836 2620 lacti.
852 2561 888 2618 at
900 2553 1043 2620 Ovidius
1058 2553 1214 2619 audacis·
1330 2595 1336 2604 ι

104 2653 186 2716 sime
199 2651 235 2716 in
250 2671 286 2713 ιν
300 2672 343 2714 ex
357 2649 469 2714 Ponto
488 2649 534 2724 10,
543 2649 583 2716 55
602 2650 721 2737 Quique
736 2651 813 2718 duas
827 2636 947 2724 rara,
964 2653 1073 2716 *lnam
1092 2653 1211 2718 Codani-

104 2769 162 2836 que
181 2771 340 2828 sornrrm,
363 2746 500 2834 Separat
517 2758 546 2816 et
565 2771 671 2816 uersus
690 2750 767 2814 inter
786 2751 1037 2837 utramquesaait
1055 2799 1062 2814 .
1083 2751 1150 2814 hoc
1172 2771 1214 2814 ne

104 2847 234 2912 Statius
249 2845 384 2931 quidem
399 2855 558 2930 superat,
574 2867 650 2912 cum
665 2846 828 2914 describit
841 2847 1021 2914 Herculem
1041 2850 1214 2935 Carseetrna

104 2944 207 3010 thiasis
229 2955 257 3007 et
276 2945 369 3008 mrdto
382 2943 489 3030 fratre
509 2945 697 3022 modernam,
713 2943 872 3008 silvarum
895 2947 1028 3020 111‚1‚4l
1047 2995 1054 3008 .
1076 2953 1213 3029 praeter

104 3043 267 3108 Serenum
287 3049 399 3104 autern
413 3041 570 3104 Donatus
591 3039 635 3106 ad
649 3040 849 3104 Eunuchum
864 3063 908 3115 ιν,
918 3041 993 3116 3,2l
1016 3063 1058 3104 ex
1078 3041 1131 3103 bis
1145 3041 1212 3103 Lu-

104 3141 201 3208 cretii
214 3138 369 3203 versibus
384 3136 499 3202 hausit
512 3161 646 3202 araneae
659 3139 769 3202 nietam
783 3148 907 3202 uestem.

187 3235 259 3300 385.
274 3255 427 3300 usrvsua
442 3255 593 3300 carun.
612 3235 721 3320 Cupud
734 3235 900 3320 oblongus
914 3256 963 3308 111,
976 3231 1034 3296 138
1045 3277 1053 3305 ‚
1066 3230 1211 3314 quadra-

104 3349 159 3404 tus
174 3358 211 3410 11,
223 3333 301 3398 1164
317 3355 365 3407 111,
377 3332 434 3396 147
450 3331 512 3396 654
526 3331 623 3406 uso.

13 3433 14 3438 ’
184 3424 1211 3508 386.rerroscusvonaurrsflunaversamPaulusrct-

105 3533 182 3598 tulit
195 3532 230 3596 in
240 3528 363 3596 librum
374 3551 417 3594 ex
424 3529 528 3594 Festo
540 3551 600 3594 xrv
610 3553 642 3616 p.
655 3527 713 3591 119
728 3524 886 3590 editionis
897 3521 1137 3590 Lindemenni.
1148 3525 1212 3590 sed
1314 3535 1318 3542 '

106 3629 247 3696 eundem
257 3626 523 3694 Lindemannum
533 3627 600 3690 huo
612 3623 739 3690 referre
749 3623 853 3686 miror
864 3642 952 3706 quae
961 3620 1068 3688 habet
1076 3621 1212 3690 Probus

107 3751 136 3812 p.
150 3728 247 3794 1450.
264 3726 391 3792 subieci
414 3745 472 3799 ea,
487 3732 525 3790 ut
547 3745 567 3788 a
583 3721 792 3788 doctioribus
814 3720 927 3785 excuti
947 3727 1109 3804 possent:
1132 3731 1212 3788 sunt

107 3833 215 3890 autem
237 3825 337 3890 huius
358 3822 473 3888 modi.
494 3823 540 3886 Po
553 3818 670 3905 syllaba
684 3819 1070 3903 tenniuataproducuntur
1082 3844 1096 3900 ‚·
1111 3843 1213 3906 cappo
1275 3859 1278 3866 ⁴

106 3925 248 4009 cappanis
262 3953 270 3986 .·
286 3922 406 3986 ammai
418 3918 576 3983 estentona
590 3962 599 3993 ‚
619 3915 701 4000 qnod
713 3915 802 3999 enlqo
817 3917 939 3978 animas
952 3927 1082 3980 aarum.
1103 3919 1211 3982 lectum

107 4033 147 4085 est
159 4023 244 4108 apud
256 4021 435 4086 Duerednm
448 4016 502 4080 hos
515 4035 685 4099 supportes.
699 4011 780 4076 'mihi
797 4033 896 4096 quam
911 4019 1005 4078 recle
1018 4017 1210 4100 grammati·

108 4139 165 4182 cus
184 4141 334 4205 vappones
347 4115 507 4182 Lucretio
529 4110 751 4196 adscripserit
770 4133 840 4176 non
858 4111 987 4196 liquet,
1010 4113 1211 4180 Franciscus

108 4214 221 4281 Dousa
239 4217 328 4280 inter
342 4213 518 4280 Luciliano
532 4233 575 4278 ex
589 4210 684 4276 libris
698 4209 835 4276 incertis
849 4212 965 4296 posuit
978 4233 1118 4278 numero
1136 4213 1191 4277 161
1203 4237 1211 4276 :

109 4315 224 4378 animas
238 4321 365 4386 autem,
379 4333 463 4396 quas
476 4311 515 4376 O.
528 4308 666 4374 Iahnius
680 4306 777 4395 Ψγχὰε
793 4308 863 4372 sive
879 4312 1031 4385 beluinae
1047 4333 1122 4376 esse
1136 4332 1210 4374 sus·
1277 4373 1279 4380 ,

109 4409 237 4492 picatur
252 4411 514 4496 (archaeloqirche
529 4411 662 4494 beitrdpe
676 4429 708 4492 p.
723 4407 818 4492 137),
833 4407 931 4498 aliter
946 4411 1048 4475 scribi
1063 4409 1162 4474 video
1177 4407 1211 4472 iu
1265 4509 1272 4522 x
