2990 5182
127 495 135 512 “
263 486 332 554 410
789 485 839 552 Vl

261 659 414 744 exempla
434 660 468 722 in
491 659 645 722 versibus
666 678 734 722 non
756 659 887 722 inveni:
911 658 1158 724 contrabuntur
1173 667 1288 724 antem
1304 669 1371 724 tam

260 765 353 824 recte
376 777 476 842 quam
496 781 551 821 etto
561 803 570 835 ,
597 757 711 820 Ordine
724 781 756 820 ee
769 779 818 822 evo
833 779 988 843 quaeque:
1008 755 1117 822 macic
1137 757 1224 828 enim
1240 758 1299 842 qui
1314 757 1373 821 ali·

261 851 343 942 q'uid
365 877 460 920 suum
482 853 564 919 facit
585 860 644 917 aut
665 875 745 917 suus
766 854 823 919 fit.
845 855 880 918 in
901 853 1100 940 apocalypsi
1114 843 1278 920 Iohannis
1292 855 1322 928 8,
1335 855 1368 916 11

260 957 370 1019 bonus
392 961 426 1018 et
441 953 599 1037 antiquus
614 950 723 1016 codex
738 951 984 1016 Laurentianus
998 951 1104 1018 habet
1116 953 1153 1018 de
1167 955 1277 1040 equis,
1298 954 1373 1038 pata
1484 949 1485 970 ¹

261 1077 366 1120 amore
379 1051 489 1139 sactae
508 1061 577 1114 aurit
590 1075 601 1131 ‚¹
631 1050 723 1135 qnod
753 1071 822 1114 non
844 1049 948 1116 (lebet
966 1051 1015 1114 ita
1035 1051 1184 1137 intellegi
1207 1051 1307 1136 qnasi
1328 1051 1373 1114 sit

260 1151 488 1238 amarefactoe,
510 1146 594 1222 sed,
618 1148 1003 1232 quomodoaccuratine
1025 1148 1221 1224 Fuldensis‚
1244 1172 1373 1212 nomme

251 1253 377 1338 sactae.
399 1248 528 1312 Nonius
551 1255 663 1312 tamen
684 1249 911 1334 obswresocere
926 1248 1012 1312 dixit
1026 1269 1059 1333 p.
1067 1247 1138 1319 246.
1147 1247 1189 1313 28
1203 1269 1266 1312 suo
1282 1248 1371 1330 peri·

260 1349 352 1424 culo;
369 1367 467 1432 quem
482 1367 587 1432 supra
597 1345 739 1410 vidimus
750 1346 873 1410 borum
884 1347 1064 1411 verborum
1075 1347 1240 1412 rationem
1251 1365 1371 1430 parum

261 1455 392 1519 tenere,
414 1446 510 1528 isque
532 1444 632 1509 etiam
647 1443 832 1531 praefecere
853 1444 940 1509 dixit
953 1465 984 1528 p.
997 1445 1113 1519 114,19
1134 1445 1254 1520 370,4,
1277 1442 1371 1528 quod
1485 1527 1486 1530 Ἴ

258 1544 350 1610 unde
365 1544 547 1611 deductum
563 1543 688 1606 sitnon
703 1543 880 1628 intellego.

346 1643 432 1706 1006.
455 1662 689 1705 carnosiora
713 1663 858 1704 resne.
876 1639 1052 1725 Oblongus
1066 1640 1175 1724 prima
1189 1641 1370 1724 manupri·

259 1743 361 1808 modia
366 1742 493 1828 serrae.
507 1739 584 1804 Itali
600 1763 737 1804 nonar.

344 1840 432 1904 1007.
448 1861 513 1902 ινιτ
535 1860 582 1902 ur
604 1859 693 1914 our.
715 1836 879 1902 Marullus
892 1838 935 1926 fit
953 1849 990 1900 ut
1007 1859 1105 1923 quoe:
1127 1833 1317 1920 Naugerius
1329 1835 1371 1922 fit

260 1959 411 2015 urens,
434 1942 527 2000 recte
540 1984 546 1999 .
559 1936 602 2024 fit
614 1947 648 1999 ut
662 1943 714 1999 est
728 1956 792 2020 pro
807 1955 874 1999 uno
891 1933 1078 2006 vocabulo.
1094 1933 1191 2000 sicin
1206 1932 1321 2006 1v‚944
1328 1932 1371 2020 sie

258 2040 303 2100 nti
311 2059 390 2122 pare
403 2036 473 2099 inde
487 2035 603 2098 cumei
618 2033 781 2116 Eiciutur5
795 2031 830 2096 id
846 2042 899 2098 est
912 2035 983 2097 inde
988 2034 1031 2122 fit
1043 2034 1088 2096 uti
1096 2079 1104 2096 .
1118 2033 1152 2096 in
1167 2031 1284 2105 v1‚204
1298 2030 1369 2094 Hac

259 2137 348 2198 etiem
359 2134 401 2222 fit
414 2135 458 2196 uti
472 2133 509 2196 de
523 2155 617 2196 caetea
630 2133 748 2196 monito
761 2133 814 2196 ille
829 2132 956 2196 Decolet
968 2132 1000 2194 iu
1014 2143 1148 2195 mom.
1172 2137 1208 2194 et
1220 2129 1281 2194 727
1301 2129 1369 2207 Quo

250 2235 292 2322 fit
311 2233 355 2295 uti
370 2242 462 2318 pacto
481 2229 556 2294 liber
575 2230 676 2292 minias
696 2230 793 2294 ecilin
807 2231 891 2293 omni
906 2228 950 2294 Et
957 2229 1104 2314 proclivis
1117 2230 1187 2293 item
1192 2227 1256 2316 fiat
1268 2230 1369 2289 monas

258 2333 383 2416 impetus
395 2329 500 2392 nudie.

205 2427 209 2438 '
345 2423 1370 2492 1009.1²a1n0a1nussennenn-rabiraddiditcorrector

259 2523 432 2611 quadrati,
448 2523 615 2585 Antonius
630 2521 745 2594 illarii,
762 2519 943 2586 Marullus.
1054 2537 1057 2546 ¹

344 2619 1038 2697 1011.Qusnvin1n1nnnn1aaronis
1055 2641 1252 2685 caremus
1274 2642 1370 2684 uon·

258 2743 348 2806 non.
361 2718 541 2782 Corrector
553 2715 691 2800 oblongi
704 2714 785 2780 feeit
800 2717 892 2782 torro
900 2765 909 2796 ,
924 2718 1017 2802 quod
1029 2739 1098 2782 non
1112 2717 1289 2804 intellego.
1305 2717 1368 2782 sed

257 2815 462 2882 inconditam
477 2815 665 2878 orationem
680 2814 763 2878 scite
779 2815 927 2882 correxit
940 2815 1171 2882 Wakefieldus
1187 2817 1368 2882 scribendo
1487 2889 1488 2910 χ

257 2938 421 2982 narsen
443 2937 510 2978 nr.

343 3013 430 3078 1012.
453 3035 558 3088 onon
582 3033 756 3076 nrcrruu
777 3035 827 3075 nx
848 3033 1098 3078 annuunrrs.
1121 3013 1304 3078 Lambinus
1326 3035 1367 3076 ne

256 3112 384 3178 monito
400 3111 536 3196 quidem
550 3109 677 3175 lectore
694 3107 790 3174 dedit
804 3111 887 3196 quod
894 3111 992 3195 poulo
1006 3112 1138 3176 dicimm
1152 3111 1367 3176 antewalre-

256 3210 375 3277 fieldus
389 3209 426 3272 id
441 3206 533 3292 quod
549 3207 625 3272 libri
639 3207 768 3273 habent
783 3209 951 3283 restituit,
973 3209 1044 3274 irae
1066 3207 1180 3274 studio
1201 3211 1368 3294 interpre-

256 3309 320 3374 tari
337 3307 460 3371 oblitus
474 3355 481 3370 .
496 3305 577 3370 mihi
593 3305 732 3370 dubium
745 3326 815 3370 non
830 3306 965 3371 videtur
981 3309 1062 3392 quin
1075 3313 1179 3392 poeta
1192 3309 1367 3392 scripserit

230 3469 233 3478 ,
256 3429 333 3484 ouo
350 3426 529 3468 nuorrnn
543 3427 580 3468 ec
590 3404 758 3481 almuciis,
774 3404 910 3468 conciso
924 3403 1070 3489 quodam
1081 3404 1217 3470 dicendi
1227 3427 1367 3492 genere.

257 3495 351 3570 euius
366 3501 471 3567 simile
487 3502 674 3586 exemplum
690 3521 757 3564 non
774 3522 912 3586 possum
926 3523 1099 3587 promere,
1122 3503 1235 3588 qualia
1253 3503 1366 3570 serent

254 3605 364 3668 ditem
379 3622 417 3664 ec
430 3623 544 3677 ciuem,
559 3623 597 3662 ec
603 3601 703 3687 sente,
718 3623 757 3664 ec
771 3611 896 3665 couno.
913 3599 1034 3664 Graeci
1049 3601 1134 3665 hacc
1147 3601 1368 3687 frequentant

255 3699 299 3764 ad
311 3697 561 3784 significandam
573 3698 799 3772 instrumenti,
816 3719 884 3783 quo
897 3697 1025 3783 aliquid
1037 3698 1187 3776 ducitur,
1200 3702 1364 3766 continui-

254 3808 378 3864 tatem.
400 3795 528 3860 scilioet
550 3797 669 3860 anulus
693 3817 735 3860 ex
758 3797 930 3861 elementis
950 3796 1031 3860 ferri
1046 3798 1234 3862 cohaerens
1248 3799 1364 3864 iisdem

255 3897 426 3962 elementis
440 3897 473 3960 in
488 3916 631 3959 vacuum
646 3894 796 3960 ducitur.

342 3995 427 4058 1013.
450 4017 468 4057 s
491 4017 642 4060 senno.
666 3994 842 4080 Oblongus
857 3993 1003 4080 tejano:
1024 3994 1103 4058 hinc
1119 3995 1197 4060 olim
1212 3996 1365 4080 impressi

254 4093 387 4178 referre,
401 4091 477 4154 Itali
493 4094 529 4156 de
535 4092 643 4177 ferro.

342 4189 427 4252 1014.
444 4211 651 4254 nnunnns.
676 4189 858 4255 Corrector
873 4191 1010 4276 oblongi
1024 4211 1201 4255 nunnus.

340 4286 428 4350 11116.
444 4307 665 4364 cnucrsonn
685 4311 724 4352 ru
746 4310 793 4352 eo
815 4309 1073 4352 conueniens
1094 4289 1365 4354 nesir.Oblon-

254 4407 315 4466 gns
340 4386 436 4449 caecis
457 4385 510 4468 pei
521 4431 529 4462 ,
553 4393 586 4448 ct
609 4385 712 4468 prima
736 4407 832 4450 manu
857 4387 1100 4472 emnpapiaibtu.
1122 4391 1161 4451 ut
1182 4408 1284 4452 versu
1305 4387 1365 4450 919
