3034 5204
235 477 278 546 16
779 480 794 548 Ι

231 673 306 717 nem
321 651 441 716 fecisse
456 647 579 714 fertur.
595 670 699 735 porro
715 653 832 719 eedem
847 653 1036 720 differentia
1051 667 1104 722 est
1117 659 1151 722 in
1162 663 1295 727 institere
1306 670 1340 727 et

230 751 398 830 obstetrice,
416 749 450 812 in
470 751 624 814 meritorio
643 759 678 814 et
690 753 864 828 meretrice,
883 752 926 818 de
942 754 1064 839 quibus
1077 777 1176 822 nemo
1191 758 1339 836 dubitat,
1355 747 1358 754 ⁴

230 867 432 934 quamquam
446 855 545 912 vetus
560 847 670 914 codex
683 847 796 915 Plauti
809 850 844 914 in
860 851 1048 942 Cistellaria
1063 876 1105 930 11,
1117 855 1151 929 3,
1166 855 1207 918 22
1222 855 1262 919 23
1278 857 1339 921 ha·

228 948 288 1013 bet
307 947 465 1010 medita.
487 945 606 1010 eodem
625 945 804 1012 referenda
825 957 877 1014 est
897 952 1021 1014 anetina
1033 950 1165 1037 fortuna
1178 951 1290 1016 Plauti
1304 955 1339 1018 in

229 1043 387 1110 Rudente
408 1042 496 1119 11,6,
510 1043 568 1119 49,
591 1045 649 1110 ubi
662 1042 794 1110 Nonius
815 1068 847 1131 p.
855 1047 965 1123 406,5
989 1070 1042 1133 eqo
1056 1051 1214 1114 1111111111
1229 1075 1240 1112 .·
1261 1071 1338 1114 nam

228 1167 323 1224 aeos,
344 1143 424 1228 quia
440 1145 579 1227 noctipec
595 1149 665 1217 est,
685 1144 748 1208 sub
763 1143 1002 1208 simillimorum
1016 1146 1180 1212 rationem
1195 1149 1339 1214 succidit
1421 1213 1435 1238 ,

230 1241 361 1308 etfacit
376 1243 487 1321 111111,
507 1240 601 1324 quod
616 1241 717 1306 estin
732 1239 884 1327 Captivis
904 1264 935 1317 v,
946 1242 1015 1317 4,6
1035 1244 1088 1327 (et
1102 1247 1217 1309 auitam
1230 1246 1338 1330 prima

229 1363 330 1406 manu
342 1338 619 1404 vindobonensis
639 1339 764 1404 saeculi
786 1340 906 1405 decimi
926 1340 1036 1406 codex
1055 1343 1089 1407 in
1106 1341 1276 1410 Ciceronis
1294 1344 1337 1410 de

191 1493 195 1505 .
228 1447 351 1506 natura
372 1438 512 1503 deorum
533 1434 620 1502 libro
642 1437 777 1513 11‚124,
797 1435 886 1502 idem
908 1459 928 1502 a
950 1447 1144 1506 correctore
1163 1461 1233 1506 non
1251 1444 1337 1508 bene

229 1539 385 1622 ocream:
406 1557 487 1622 ergo
509 1557 573 1620 pro
594 1538 725 1617 anitiae,
745 1545 888 1622 prepter
907 1540 920 1600 i
939 1537 1076 1624 longum
1097 1539 1191 1623 quod
1210 1540 1245 1606 in
1259 1562 1338 1626 pro-

228 1639 318 1702 xima
333 1635 464 1722 syllaba
479 1641 548 1709 est,
569 1633 693 1718 dicitur
708 1637 879 1700 arretinum.
901 1634 964 1700 sed
978 1637 1021 1701 ab
1037 1635 1156 1700 eodem
1172 1639 1338 1703 vocabulo

229 1737 329 1801 etiam
349 1739 507 1818 correpto
527 1734 539 1794 i
558 1734 787 1817 subsequente
808 1734 990 1798 caetitatem
1004 1734 1112 1821 prima
1125 1755 1226 1800 manu
1240 1744 1337 1800 vetus
1361 1733 1364 1740 ’

229 1830 410 1898 Camerarii
423 1831 458 1894 in
472 1829 627 1894 Asinaria
646 1852 702 1904 111,
713 1830 748 1904 3,
765 1828 839 1904 103,
859 1850 881 1892 a
895 1839 1090 1896 correctore
1104 1831 1194 1896 idem
1209 1833 1337 1898 naitico·

227 1934 290 1997 lcm
307 1981 314 1995 .
336 1951 376 1994 ac
396 1948 439 1994 ne
458 1927 492 1992 in
511 1928 551 1992 iis
567 1926 702 2012 quidem
718 1947 806 2011 qnae
819 1929 832 1990 i
844 1926 1050 2012 productum
1064 1928 1211 2006 hebent,
1229 1929 1337 2018 legem

228 2030 329 2095 certis
343 2028 465 2093 finibus
481 2023 685 2110 descriptam
700 2025 854 2089 invenio:
869 2032 922 2090 est
936 2026 1024 2091 enim
1038 2029 1254 2093 interneciuum
1265 2030 1338 2114 qui·

228 2128 305 2193 dem
321 2126 392 2191 sive
403 2125 633 2198 internecivum,
648 2122 710 2187 sed
721 2124 894 2189 veteribus
905 2124 1011 2210 magis
1023 2125 1150 2210 placuit
1158 2127 1336 2191 sociem

228 2247 329 2312 quem
343 2225 542 2301 subsecivum,
562 2241 674 2307 neque
687 2229 819 2286 mutant
833 2223 986 2302 aeciam,
1007 2223 1238 2303 hincndim'me,
1258 2227 1335 2290 reci·

227 2327 328 2404 dicre,
348 2322 495 2387 additions
502 2367 511 2399 ,
527 2321 692 2385 conditione
700 2369 709 2400 ‚
724 2321 876 2400 insitiens,
888 2323 1060 2406 primitivae
1068 2371 1076 2400 ,
1091 2324 1251 2402 monite-ic,
1259 2347 1335 2409 pro·

227 2424 338 2500 diere,
356 2421 501 2498 11111111,
516 2419 644 2483 icoitn'e
662 2467 668 2481 .
690 2417 777 2482 haec
790 2417 894 2504 igitur
908 2419 1134 2505 grammaticis
1150 2420 1337 2486 evolvenda

227 2517 552 2592 commendabimus,
575 2517 631 2601 qui
655 2515 766 2580 adhuc
786 2518 916 2602 yetitioo
937 2515 1167 2594 delectantur.
1189 2519 1336 2584 Lucretii

221 2622 325 2706 prim
346 2639 434 2681 verca
456 2615 522 2701 (ita
544 2613 645 2698 dicit)
667 2614 861 2680 Priscianus
882 2636 964 2680 usus
986 2623 1038 2680 est
1058 2637 1090 2700 p.
1100 2615 1176 2691 733,
1196 2613 1336 2682 secundi

226 2725 325 2804 parte
336 2715 474 2781 Servius
490 2712 534 2777 ad
544 2711 714 2778 Aeneidos
729 2735 755 2788 1,
769 2712 844 2788 198,
861 2721 896 2778 et
905 2713 962 2778 hic
974 2713 1109 2798 quidem
1118 2713 1192 2778 eine
1202 2715 1336 2781 nomine

226 2823 367 2902 poetae,
388 2819 427 2878 ut
446 2812 603 2877 videatur
624 2833 739 2876 errore
753 2813 933 2878 memoriae
947 2811 1096 2876 Lucretii
1109 2813 1216 2876 verba
1229 2833 1335 2899 appo-

227 2916 334 2980 suisse
356 2935 418 2998 pro
434 2909 637 2997 Vergilianis
656 2931 743 2997 quae
757 2918 837 2976 sunt
850 2912 885 2976 in
899 2910 1080 2997 georgicon
1100 2932 1143 2986 11,
1160 2911 1234 2988 157,
1255 2914 1334 2978 1111-

225 3035 300 3100 quos
321 3021 424 3097 ευμεν
444 3009 576 3074 11111111
596 3033 701 3075 maroc
719 3035 729 3072 :
754 3008 838 3073 dicit
858 3009 945 3074 enim
968 3010 1047 3074 Ante
1065 3009 1218 3074 malornm
1239 3009 1333 3097 11111

226 3124 283 3191 ert,
305 3123 339 3174 ot
359 3109 433 3175 alibi
453 3109 532 3172 caeli
549 3108 649 3172 cette
670 3109 802 3172 11111111
820 3109 927 3192 cigna.
951 3127 1085 3171 versum
1105 3107 1242 3172 tertium
1261 3129 1334 3174 cum

224 3217 323 3294 parte
339 3207 451 3293 quarti
464 3205 570 3271 habet
582 3203 713 3272 Nonius
728 3229 759 3292 p.
769 3205 846 3282 274,
857 3205 913 3269 32.
1219 3211 1223 3216 “

309 3307 342 3370 5.
368 3325 527 3368 numne
552 3324 683 3368 sonis.
717 3304 1086 3379 Ρ1.1111111111111111
1112 3327 1235 3368 rnen.
1269 3306 1333 3370 Hie

225 3402 329 3466 semel
340 3399 555 3485 (111111111οᾶ
563 3400 725 3465 lectorem
734 3401 867 3485 seinper
874 3400 1064 3466 meminisse
1073 3409 1224 3489 oportet,
1236 3424 1335 3488 quem

225 3499 407 3564 admodum
425 3495 661 3583 Havercampo
683 3497 767 3561 nihil
788 3497 993 3563 credendum
1016 3500 1079 3576 sit,
1101 3501 1150 3565 ita
1169 3521 1243 3564 eum
1265 3522 1333 3566 om-

224 3599 314 3661 nium
328 3591 461 3659 minime
475 3593 680 3658 audiendum
694 3593 787 3672 esse,
807 3617 881 3660 cum
896 3594 1067 3662 Vossiano
1081 3599 1232 3683 utrique,
1248 3619 1333 3684 quos

224 3702 323 3760 notat
336 3691 421 3767 YZ,
443 3712 483 3756 ea
503 3690 678 3756 adscribat
698 3714 785 3777 quae
806 3714 826 3756 a
846 3715 898 3758 me
916 3715 985 3759 non
999 3694 1207 3760 referantur.
1229 3694 1285 3759 hic
1298 3695 1334 3760 in

223 3803 370 3877 utroque
385 3789 468 3855 dicit
482 3811 557 3854 esse
571 3791 684 3855 lamine
692 3839 700 3870 ‚
714 3791 751 3854 in
763 3799 910 3878 utroque
925 3795 1122 3881 Adventhue
1135 3806 1186 3859 tao
1199 3820 1209 3856 :
1229 3793 1334 3859 habet

223 3891 339 3954 termino
353 3889 536 3977 oblongus,
551 3889 663 3954 lumine
678 3889 866 3975 quadratus
882 3898 916 3957 et
927 3891 1091 3968 schedae,
1106 3893 1334 3980 Ademtamqooe

222 3999 306 4052 teum
321 3987 486 4074 oblongus
503 3987 690 4074 quadratus
702 3989 869 4054 schedae.
884 3992 1017 4056 daedalo
1030 3992 1116 4055 tellus
1127 4011 1145 4055 e
1156 3990 1332 4064 Lucretio,

223 4088 281 4172 qui
302 4087 424 4150 iterum
443 4086 492 4149 ita
513 4085 600 4150 dixit
621 4108 722 4152 versu
741 4088 821 4164 228,
842 4088 1038 4154 Macrobius
1058 4090 1090 4152 in
1106 4088 1334 4154 Satmnalium

221 4183 321 4258 vr‚4.
341 4185 506 4248 daedalum
526 4194 640 4248 terram
660 4209 702 4250 ex
723 4187 842 4252 eodem
863 4186 994 4272 profert
1014 4209 1083 4252 non
1102 4188 1186 4252 satis
1201 4188 1333 4252 curiose

222 4303 325 4369 agens
335 4280 461 4346 Paulus
477 4281 638 4348 diaconus
651 4305 668 4348 e
679 4284 781 4349 Festo
794 4283 880 4349 libro
893 4307 928 4347 ιν
940 4307 970 4371 p.
980 4286 1020 4349 52
1031 4285 1272 4350 Lindemanni.
1288 4283 1333 4349 ad

220 4380 393 4465 proximos
413 4401 531 4444 versus
552 4381 690 4466 respicit
705 4381 863 4456 Servius,
886 4402 961 4447 cum
982 4382 1064 4449 dicit
1085 4383 1130 4448 ad
1150 4384 1333 4470 georgicon

220 4500 264 4554 11,
279 4477 359 4554 329,
384 4477 427 4543 Et
452 4479 594 4542 Venerem
619 4482 707 4543 certis
728 4491 864 4565 repetunt
885 4493 1022 4548 ormesta
1044 4483 1172 4548 datae
1197 4483 1330 4558 statuis,
