3034 5204
282 442 354 512 240
815 441 867 511 vl

95 649 97 654 ·
179 687 182 696 Δ
201 635 265 682 mae
280 623 337 682 adr
351 637 372 680 a
385 625 481 702 tergo
498 615 593 702 quasi
605 615 772 700 provehat
786 625 887 704 atque
902 619 1083 705 propellat.

282 753 414 817 semper
429 736 513 794 enim
528 731 651 796 circum
665 731 795 816 positus
809 753 864 798 res
878 733 1034 798 verberat
1047 739 1120 797 aer:
1208 773 1213 780 -

283 845 344 911 sed
360 847 418 911 tali
431 847 469 910 fit
481 846 531 910 uti
545 844 711 931 propellat
725 854 875 934 tempore
889 847 1031 927 ferrum,

283 969 381 1047 parte
395 959 488 1046 quod
503 982 545 1024 ex
558 939 626 1024 una
640 962 782 1046 spatium
797 970 895 1027 vacat
910 969 944 1026 et
958 962 1048 1047 capit
1060 962 1094 1024 in
1108 983 1163 1024 se.

202 1093 268 1141 10³0
282 1075 354 1151 hie,
365 1076 425 1140 tibi
440 1097 538 1161 quem
551 1096 698 1139 memoro
709 1123 716 1152 ‚
728 1097 788 1161 per
803 1077 921 1142 erebra
933 1075 1096 1141 foramina
1109 1074 1190 1140 ferri

284 1213 406 1282 parvas
421 1189 465 1255 ad
478 1191 584 1277 partis
599 1189 765 1254 subtiliter
778 1191 981 1266 insinuatus,

285 1305 392 1370 trudit
406 1313 440 1369 et
453 1304 597 1390 inpellit,
610 1305 705 1390 quasi
719 1325 836 1368 navem
851 1305 992 1391 velaque
1006 1311 1144 1370 ventus.

203 1435 268 1484 1034
283 1419 427 1505 denique
441 1439 497 1482 res
512 1439 626 1483 omnes
641 1417 767 1484 debent
779 1419 814 1483 in
829 1439 970 1504 corpore
983 1417 1108 1482 habere

285 1540 379 1610 adra,
391 1531 663 1618 quandoquidem
677 1553 754 1598 raro
770 1541 849 1597 sunt
863 1553 1006 1619 corpore
1021 1539 1055 1595 et
1069 1538 1127 1596 adr

285 1647 437 1712 omnibus
453 1655 505 1712 est
518 1648 619 1712 rebus
634 1648 757 1712 circum
772 1646 872 1711 datus
886 1645 1143 1734 adpositusque.

285 1761 339 1827 hio
353 1762 452 1848 igitur
462 1810 469 1838 ‚
480 1762 614 1847 penitus
629 1762 685 1846 qui
699 1762 735 1825 in
748 1761 873 1825 ferrost
887 1759 1021 1826 abditus
1036 1767 1108 1840 adr,

285 1876 429 1941 sollicito
444 1891 536 1940 motu
551 1897 682 1963 semper
697 1877 840 1940 iactatur
855 1897 964 1961 eoque

285 1992 442 2056 verberat
457 1991 598 2054 anellum
614 1988 715 2055 dubio
731 1991 849 2078 procul
865 1999 897 2055 et
912 1990 1095 2063 metimus,

206 2125 270 2172 1040
286 2107 428 2171 scilieet:
440 2105 494 2170 ille
509 2103 627 2170 eodem
641 2105 747 2170 fertur
757 2109 843 2191 ‚'quo
860 2104 1091 2192 praecipitavit

285 2221 350 2286 iam
365 2220 465 2284 semel
480 2227 514 2285 et
527 2220 704 2306 partemin
718 2241 857 2286 vacuam
872 2221 1046 2286 conamina
1060 2221 1216 2306 sumpsit.

327 2333 381 2399 Fit
397 2356 532 2421 quoque
546 2344 585 2400 ut
599 2357 619 2399 a
633 2333 745 2421 lapide
759 2336 826 2400 hoo
840 2335 919 2402 ferri
933 2345 1054 2401 natura
1068 2334 1205 2400 recedat

285 2451 374 2513 inter
389 2447 468 2512 dum
478 2497 485 2524 ‚
496 2449 615 2535 fugere
627 2457 729 2534 atque
744 2452 839 2535 sequi
854 2459 1015 2516 consueta
1029 2449 1188 2516 vicissim.

287 2562 437 2626 exultare
452 2563 551 2626 etiam
565 2562 797 2627 Samothracia
810 2564 920 2627 ferrea
933 2564 1002 2628 vidi

163 2755 170 2768 .
205 2692 269 2738 1045
286 2683 320 2740 et
333 2684 483 2740 ramenta
498 2675 593 2739 simul
606 2674 686 2739 ferri
700 2674 810 2740 furere
825 2677 914 2740 intus
929 2677 1046 2740 ahenis

286 2790 320 2854 in
335 2789 497 2876 scaphiis,
508 2789 593 2876 lapis
607 2789 662 2853 hie
676 2789 816 2876 Magnes
832 2811 906 2854 eum
920 2788 1074 2854 subditus
1090 2799 1191 2854 esset:

286 2925 395 2989 usque
410 2903 494 2969 adeo
509 2903 624 2990 fugere
639 2905 682 2968 ab
697 2926 779 2969 saxo
794 2903 918 2991 gestire
933 2904 1080 2969 videtur.

287 3040 365 3084 aere
379 3019 467 3084 inter
481 3019 593 3105 posito
609 3017 778 3084 discordia
792 3028 886 3084 tanta
901 3029 1034 3086 creatur

287 3140 469 3222 propterea
483 3134 561 3220 quia
571 3182 578 3211 ‚
590 3135 624 3200 ni
638 3135 772 3212 mirum,
783 3135 875 3222 prius
890 3143 1004 3201 aestus
1019 3135 1076 3201 nbi
1091 3136 1177 3200 aeris

207 3267 273 3313 1050
288 3249 462 3336 praecepit
474 3247 621 3334 ferrique
637 3250 706 3314 vias
721 3250 875 3336 possedit
889 3259 1038 3337 apertas,

287 3363 456 3448 posterior
469 3362 588 3450 lapidis
604 3364 696 3430 venit
711 3371 823 3429 aestus
839 3373 874 3442 et
887 3368 996 3429 omnia
1010 3365 1110 3453 plena
1126 3362 1128 3366 ’

287 3477 415 3541 invenit
428 3477 462 3540 in
476 3477 566 3542 ferro
577 3525 584 3554 ‚
594 3499 704 3563 neque
719 3479 824 3543 habet
838 3500 905 3564 qua
919 3489 1032 3544 tranet
1045 3488 1083 3545 ut
1098 3487 1191 3545 ante:

289 3591 418 3678 cogitur
433 3591 597 3656 offensare
611 3593 710 3679 igitur
725 3593 926 3680 pulsareque
941 3593 1045 3659 lluetu

287 3704 397 3772 ferrea
411 3716 505 3773 texta
519 3729 599 3784 suo;
611 3729 677 3793 quo
692 3716 793 3792 paeto
808 3709 937 3795 respuit
951 3710 993 3776 ab
1009 3732 1045 3775 se

175 3885 187 3916 ι
208 3837 272 3882 1055
288 3828 389 3904 atque
404 3845 465 3907 per
479 3843 537 3887 aes
552 3823 672 3908 agitat,
684 3823 754 3908 sine
771 3845 810 3890 eo
827 3824 920 3911 quod
934 3847 1036 3912 saepe
1050 3821 1217 3890 resorbet.

328 3934 415 3998 Illud
430 3937 464 3998 in
478 3936 531 4000 his
546 3939 647 4003 rebus
662 3939 773 4002 mirari
787 3941 899 4016 mitte,
911 3939 1004 4025 quod
1019 3945 1131 4002 aestus

288 4071 356 4112 non
372 4049 463 4113 valet
477 4071 495 4113 0
509 4050 620 4137 lapide
634 4053 702 4119 hoe
717 4055 798 4118 alias
811 4054 979 4141 impellere
993 4053 1072 4116 item
1087 4071 1154 4117 res.

291 4336 363 4468 llom}
376 4329 414 4384 Er
441 4329 451 4400 11
481 4334 663 4386 maerentis.
691 4333 700 4402 {l
730 4341 795 4389 1040
818 4333 863 4385 illo
891 4331 901 4402 {l
930 4337 995 4386 1046
1019 4333 1116 4403 serpiis
1143 4333 1154 4402 ΙΙ
1181 4339 1245 4386 1017
1270 4351 1285 4386 a
1311 4331 1321 4402 ll
1353 4341 1418 4388 1050

311 4431 332 4467 rs
365 4421 400 4468 0.
