2946 5188
569 551 575 562 .
632 501 648 568 1

81 695 135 738 nec
149 694 203 738 res
217 673 283 738 ulla
297 673 368 760 geri
382 672 445 738 sub
460 651 542 736 caeli
557 673 700 758 tegmine
714 683 848 762 posset,

82 809 138 852 nec
151 788 239 852 foret
254 788 388 852 omnino
404 786 530 851 caelum
545 807 654 872 neque
668 789 791 854 lumina
804 789 902 866 solis;

24 918 63 964 acc
83 903 197 988 quippe
210 903 268 966 ubi
282 903 437 966 materies
452 902 559 965 omnis
574 903 740 969 cumulata
752 904 878 968 iaceret

85 1037 121 1078 cr
133 1001 338 1080 infinito'iem
353 1023 504 1102 tempore
519 1015 742 1082 subsidendo.

83 1137 113 1193 at
125 1151 227 1204 nnnc,
238 1129 272 1192 ni
287 1129 420 1204 mirum,
432 1131 565 1215 requies
581 1129 662 1194 data
676 1131 914 1217 principiorum

84 1244 273 1331 corporibus
288 1243 427 1318 nullast,
439 1245 517 1330 quia
530 1245 577 1308 nil
591 1252 645 1310 est
657 1245 808 1310 funditus
823 1245 937 1320 imum,

85 1379 144 1442 quo
160 1359 255 1443 quasi
271 1356 438 1424 confluere
453 1365 487 1422 et
502 1358 602 1424 sedes
616 1360 814 1445 ubiponere
828 1360 978 1448 possint.

30 1483 67 1529 aas
85 1491 204 1558 semper
218 1473 254 1536 in
269 1471 411 1537 adsiduo
425 1480 519 1537 motu
532 1494 588 1537 res
599 1477 757 1560 'quaeque
771 1481 933 1560 geruntur
1014 1453 1020 1462 ’

87 1587 226 1670 partibus
243 1609 262 1650 e
277 1587 405 1651 cunctis
415 1635 423 1663 ‚
434 1595 635 1673 aeternaque
650 1588 909 1676 suppeditantur

87 1719 122 1762 ex
135 1699 261 1766 infinito
277 1701 343 1765 cita
357 1721 502 1785 corpora
515 1703 680 1765 materiai.

120 1813 292 1879 Postremo
307 1823 385 1880 ante
400 1815 516 1879 oculos
530 1835 584 1878 res
599 1835 668 1878 rem
682 1815 775 1878 finire
790 1815 939 1880 videtur:

88 1933 135 1991 air
148 1927 309 2014 dissaepit
323 1930 417 1994 collis
432 1941 533 2013 atque
547 1913 626 1993 eitra
640 1935 787 2002 montes,

30 2053 76 2100 ιιιι
88 2055 164 2105 terra
176 2065 268 2108 mare
283 2051 317 2107 et
332 2050 451 2108 contra
463 2063 554 2106 mare
568 2051 677 2106 terras
692 2042 848 2106 terminat
862 2044 985 2108 omnis:

90 2157 173 2220 onina
187 2156 324 2244 quidem
337 2177 419 2222 vero
433 2157 480 2220 nil
495 2167 547 2222 est
562 2156 654 2241 quod
667 2156 761 2220 finiat
775 2163 887 2220 extra.

91 2279 133 2334 est
145 2271 240 2357 igitur
255 2281 378 2336 natura
392 2271 458 2336 loci
472 2272 682 2359 spatiumque
697 2269 871 2356 profundi,

92 2384 170 2467 quod
183 2408 294 2473 neque
309 2387 398 2451 clara
413 2407 474 2450 suo
489 2405 685 2471 percurrere
700 2384 837 2449 fulmina
850 2404 950 2448 cursu

91 2509 236 2584 perpetuo
253 2502 388 2587 possint
402 2500 477 2564 aevi
490 2500 636 2566 labentia
651 2507 762 2564 tractu

36 2623 80 2670 rot
90 2633 141 2676 nec
154 2637 306 2700 prorsum
319 2616 432 2680 facere
446 2623 485 2679 ut
499 2623 606 2680 restet
618 2614 726 2678 minus
740 2613 788 2676 ire
803 2611 961 2678 meando:

92 2713 183 2812 usqne
197 2729 285 2795 adeo
300 2730 425 2816 passim
439 2737 533 2815 patet
546 2731 665 2815 ingens
680 2727 777 2815 copia
791 2728 908 2803 rebus,

93 2839 197 2909 finibus
212 2844 441 2932 exemptis‚in
456 2851 592 2908 cunctas
607 2841 754 2928 undique
769 2841 890 2927 partis.

94 2954 155 3038 ipse
167 2959 301 3024 modum
317 2980 420 3048 porro
437 2959 499 3022 sibi
513 2979 624 3022 rerum
639 2977 765 3021 summa
779 2975 898 3040 parare

94 3089 127 3132 ne
139 3073 257 3156 possit,
269 3079 391 3138 natura
405 3079 514 3146 tenet,
526 3091 612 3155 quae
628 3091 752 3157 corpus
765 3068 855 3131 inani

43 3193 83 3241 islo
95 3191 121 3246 ct
134 3186 216 3270 quod
230 3188 331 3251 inane
346 3195 457 3252 autem
472 3192 523 3249 est
536 3185 622 3248 finiri
637 3204 779 3270 corpore
795 3182 899 3267 cogit,

94 3308 125 3361 ut
136 3301 179 3364 sic
193 3301 331 3366 alternis
344 3300 473 3366 infinita
488 3299 597 3364 omnia
611 3297 749 3363 reddat.

97 3417 251 3480 autetiam
267 3415 481 3490 alterutrum,
492 3414 556 3480 nisi
571 3413 726 3478 terminet
740 3414 895 3486 alterum,
908 3431 1020 3474 corum

595 3575 613 3611 t·

98 3753 228 3842 simplice
242 3770 364 3824 natura
377 3765 493 3844 pateat
507 3765 617 3822 tamen
630 3754 890 3828 inmoderatum,

99 3887 149 3932 nec
162 3893 249 3937 mare
263 3893 328 3938 nec
342 3873 442 3938 tellus
455 3893 565 3957 neque
580 3871 662 3935 caeli
676 3869 788 3934 lucida
801 3867 925 3953 templa

47 3986 88 4037 ios
99 4001 151 4048 nec
162 3988 302 4052 mortale
317 4008 424 4074 genus
438 4009 500 4051 nec
516 3985 628 4050 divam
643 4005 788 4071 corpora
802 3989 919 4047 sancta

100 4097 237 4184 exignum
251 4109 395 4188 possent
408 4101 503 4165 horai
519 4100 636 4164 sistere
652 4106 798 4183 ternpus:
922 4147 924 4158 .

102 4279 286 4296 Ἣ.-

102 4377 141 4464 tlt
152 4378 235 4434 nullas
252 4383 263 4449 ΙΙ
282 4387 332 4435 994
345 4381 445 4450 possit.
455 4378 475 4448 ll
494 4383 543 4430 996
557 4395 572 4430 e
584 4385 717 4431 omissum.
729 4373 739 4444 ΙΙ
754 4373 908 4444 infernaque
926 4371 936 4443 ll
957 4378 1022 4426 1008
1035 4371 1099 4442 Ipso
1117 4371 1127 4436 ΙΙ
1149 4372 1213 4419 1009

104 4471 179 4510 mane.

971 4553 1012 4614 3.
