2972 5188
272 465 342 534 286
594 487 598 492 ·
812 459 844 526 V

355 638 425 702 251.
449 658 549 702 rans
571 657 701 699 renus
724 656 805 699 uou
826 655 950 698 uuus.
973 632 1180 697 Veronensis
1204 632 1313 698 editio
1329 645 1384 698 ter-

271 741 321 804 rui
335 761 396 802 uon
411 757 566 800 nunes.

353 836 424 900 255.
439 857 489 898 no
512 855 533 897 n
544 853 716 895 recursu
729 879 736 894 .
751 827 853 894 Nouii
868 827 1004 893 codices
1020 828 1180 913 p.203‚27
1197 839 1323 892 contre
1337 830 1384 913 ip·

271 937 342 1000 sius
355 941 500 998 mentem
515 932 678 996 diluuium.

354 1033 424 1098 257.
446 1054 520 1096 rso
549 1050 680 1092 ruere
709 1047 783 1092 suo
812 1047 917 1103 ouon
940 1047 1103 1102 cunque
1125 1047 1227 1088 surr
1250 1047 1383 1088 suocr

270 1133 326 1198 Re
334 1155 382 1196 ou
391 1153 429 1194 rr
437 1152 501 1194 un.
514 1127 696 1192 Lambinus
708 1133 818 1200 recte,
830 1125 984 1210 quamvis
995 1123 1069 1208 ipse
1080 1133 1203 1210 postea
1212 1123 1384 1194 reiecerit,

271 1253 386 1294 serm
408 1229 456 1292 ita
470 1236 614 1312 uterque
628 1221 815 1288 Vossianus
831 1224 886 1286 alu
899 1223 934 1286 in
949 1246 971 1299 1,
979 1221 1040 1286 263
1062 1221 1198 1296 creto,
1215 1219 1383 1305 oblongus

270 1331 326 1393 alii
338 1328 373 1392 in
387 1349 417 1402 v,
429 1325 508 1390 1305
523 1323 579 1388 ubi
596 1321 784 1408 quadratus
799 1321 889 1394 colit,
911 1321 993 1384 item
1013 1319 1202 1404 quadratus
1219 1321 1279 1383 ulit
1292 1341 1314 1394 1,
1324 1319 1382 1382 407

269 1451 300 1500 v,
315 1425 413 1489 1456.
434 1445 497 1510 pro
522 1423 673 1487 Redditur
693 1419 858 1484 Marullus
881 1420 1036 1499 deditur,
1059 1417 1153 1502 quod
1175 1415 1382 1482 diminuendi

222 1505 231 1522 ’
270 1521 545 1610 significationem
566 1539 635 1582 non
657 1518 791 1603 explet.
811 1526 905 1582 recte
928 1523 1108 1611 servarunt
1123 1517 1280 1580 Redditur
1293 1515 1381 1580 Nau-

269 1622 382 1708 gerius
404 1617 704 1692 etWalrefieldus,
724 1615 761 1680 id
784 1625 837 1680 est
857 1615 1067 1690 restituitur,
1088 1614 1310 1688 retribuitur,
1332 1635 1381 1677 rs-

270 1727 421 1784 creatur.

352 1815 593 1880 264.rn1uuu
616 1833 839 1889 ournourn.
861 1811 919 1878 Sic
932 1812 1053 1876 iterum
1068 1810 1266 1875 ver-suaet:
1288 1817 1381 1874 utro·

269 1918 372 2002 bique
384 1921 557 1978 corrector
568 1911 705 1998 oblongi
709 1913 849 1998 pninum
861 1931 1060 1988 qurcqurn
1072 1962 1078 1975 .
1092 1907 1283 1993 quadratus
1296 1910 1380 1974 male

269 2018 313 2080 uti
326 2013 477 2102 quidquid
489 2012 522 2074 in
538 2009 651 2086 1‚215‚
673 2010 752 2075 item
774 2009 860 2074 male
881 2008 1048 2094 oblongus
1070 2027 1091 2070 a
1105 2013 1303 2072 correctore
1319 2031 1379 2094 qua

269 2114 400 2201 quidque
415 2109 537 2198 militi,
553 2117 586 2172 st
601 2108 706 2193 prima
721 2127 823 2170 menn
837 2107 1012 2192 eridquom
1026 2127 1048 2178 1,
1057 2103 1117 2169 535
1133 2105 1296 2192 scalpello
1311 2105 1379 2170 fac·

269 2223 338 2276 tum
354 2211 524 2296 Quicquam
534 2255 540 2270 .
552 2206 607 2271 his
619 2206 771 2292 exceptis
785 2205 998 2268 membranae
1009 2224 1078 2268 non
1089 2211 1233 2289 peccunt
1243 2252 1250 2266 .
1261 2205 1298 2268 in
1307 2204 1380 2290 lege

269 2309 399 2375 Thoria
412 2305 453 2370 32
472 2308 516 2370 itu
535 2307 597 2368 ulei
617 2304 764 2391 quicquid
781 2303 940 2390 qruoieique
958 2313 1027 2366 aute
1040 2301 1120 2365 lamec
1134 2303 1228 2387 leqem
1241 2314 1379 2387 reputem

268 2410 367 2473 licuit.
382 2406 416 2469 in
424 2402 575 2467 Terentii
586 2401 752 2486 Adelphis
764 2423 809 2476 rv,
819 2399 847 2476 2,
859 2401 897 2464 51
911 2408 1003 2464 recte
1015 2398 1174 2464 scribitur
1184 2411 1277 2488 atque
1286 2423 1378 2464 unua

268 2504 431 2592 quicquid,
454 2501 536 2586 quod
555 2500 676 2584 quidem
697 2500 755 2562 erit
774 2499 992 2577 betluumum,
1017 2499 1173 2584 Carpum.
1194 2518 1265 2562 non
1288 2509 1378 2563 recte

267 2605 303 2667 in
315 2599 486 2665 Ciceronis
502 2596 545 2661 de
561 2604 681 2659 nutura
696 2594 836 2659 deorum
848 2620 869 2672 1,
878 2595 917 2658 77
930 2596 1076 2681 optimus
1091 2595 1219 2672 codex,
1229 2597 1294 2660 nisi
1306 2595 1378 2661 Μο-

269 2719 365 2763 serus
386 2693 492 2770 fallit,
508 2695 647 2780 primum
661 2693 815 2779 quidquid
822 2741 829 2754 .
852 2713 962 2778 neque
977 2701 1069 2758 recte
1084 2693 1177 2779 apud
1191 2693 1377 2760 Varronem

169 2817 183 2846 ·
268 2799 303 2862 in
322 2815 434 2858 rerum
449 2793 652 2856 rusticarum
666 2813 688 2865 1,
697 2789 754 2865 5‚3
774 2813 833 2878 quo
853 2793 1003 2878 quidquid
1022 2803 1154 2878 tenrpore
1174 2796 1207 2856 iu
1229 2817 1263 2857 eo
1275 2795 1379 2880 suado

259 2895 337 2986 fieri
356 2893 529 2958 concerdat.
552 2891 630 2954 item
652 2889 738 2953 male
752 2890 786 2953 in
801 2889 996 2954 Trinummo
1011 2889 1123 2954 Plauti
1138 2913 1183 2967 ιν,
1191 2890 1220 2967 2,
1229 2891 1271 2955 39
1285 2915 1378 2956 umam

268 2993 435 3081 quidquid,
458 2989 551 3076 quod
570 2988 775 3054 Ritschelius
797 2989 963 3054 correxit.
985 2996 1106 3052 contra
1124 2990 1159 3052 in
1183 2989 1379 3070 Quintiliani

268 3089 367 3171 x‚1,3
383 3097 418 3154 et
432 3088 460 3164 5,
469 3087 509 3152 23
521 3135 529 3163 ,
551 3088 609 3152 ubi
630 3087 662 3152 in
682 3087 780 3152 libris
791 3097 844 3150 est
857 3097 890 3150 ut
903 3088 1050 3174 quicquid
1057 3090 1228 3174 praecipue
1242 3113 1378 3153 merso-

195 3189 197 3196 ’
267 3191 349 3253 rium
363 3195 455 3253 estet
469 3199 569 3251 ruuec
583 3211 637 3252 uto
652 3187 717 3250 loco
732 3185 878 3272 quicquid
884 3196 1040 3271 ponatur,
1063 3185 1291 3252 Frotscherus
1313 3209 1380 3252 non

267 3297 360 3353 recte
374 3286 456 3350 fecit
470 3285 637 3370 quidquid.
653 3283 804 3348 similiter
820 3284 945 3348 erravit
959 3283 993 3346 in
1010 3283 1182 3348 Ciceronis
1197 3284 1242 3348 de
1255 3285 1380 3350 linibus

267 3409 298 3458 v,
307 3383 347 3448 24
362 3381 557 3446 Madvicus.
574 3381 665 3464 apud
678 3381 838 3446 Catonem
853 3382 909 3457 7,1
926 3380 1021 3456 libri,
1036 3391 1076 3445 ut
1089 3387 1237 3446 testatur
1247 3381 1292 3447 H.
1301 3383 1379 3447 llei-

266 3482 330 3545 lius
352 3482 387 3544 in
408 3479 702 3544 observationibus
719 3481 817 3566 pne,
840 3481 878 3546 Iu
898 3481 1002 3544 eodem
1012 3481 1117 3566 ¹fundo
1130 3505 1219 3544 cuum
1233 3483 1381 3569 quiequid

267 3582 384 3644 cntueri
398 3588 528 3663 eportet.
550 3598 682 3663 semper
696 3581 860 3666 quicquam
875 3577 1089 3644 scribendum
1104 3600 1195 3654 esse,
1211 3579 1274 3644 sed
1289 3581 1379 3668 quid-

266 3679 356 3764 quid,
371 3697 446 3742 cum
457 3676 652 3740 relationem
664 3685 776 3752 notet,
789 3676 874 3742 dixit
882 3677 1074 3763 Wagnerus
1086 3678 1120 3741 in
1131 3677 1380 3765 orthographia
1480 3719 1481 3724 κ

181 3801 187 3812 ·
265 3775 462 3862 Vergiliana
473 3799 506 3862 p.
515 3774 576 3840 459
586 3781 621 3840 et
628 3775 698 3851 467,
709 3774 865 3862 idemque
877 3796 940 3862 ego
952 3775 1022 3840 dixi
1033 3775 1077 3840 ad
1088 3775 1208 3840 Gaium
1219 3797 1252 3860 p.
1261 3799 1379 3842 xxxrx„

265 3875 319 3938 his
339 3880 535 3959 poteramus
557 3873 685 3938 addere
707 3875 860 3961 quidque,
881 3873 949 3938 hoc
963 3881 1017 3938 est
1031 3882 1066 3938 et
1081 3873 1183 3960 quid,
1207 3873 1344 3940 differre
1359 3896 1379 3939 a

265 3974 411 4059 quicque,
427 3993 490 4056 pro
506 3994 573 4057 quo
588 3972 688 4058 pauci
703 3971 822 4066 codem
838 3993 940 4038 sensu
954 3972 1104 4036 dixerint
1118 3973 1282 4059 quicquid.
1300 3973 1379 4038 huic

264 4069 330 4155 ipsi
345 4067 438 4153 quod
453 4067 529 4134 dico
544 4059 696 4156 quicquid
708 4069 812 4134 simile
828 4077 881 4134 est
893 4071 929 4133 in
943 4070 1017 4156 lege
1030 4069 1115 4136 Iulia
1129 4071 1324 4156 municipali
1340 4071 1379 4134 13

264 4189 442 4254 quemquem
463 4189 527 4252 pro
548 4189 719 4252 quenque,
739 4167 841 4248 -Quod
860 4191 1038 4254 quumrquem
1059 4168 1119 4232 hcc
1138 4169 1203 4254 Iope
1221 4169 1379 4257 profiterei

263 4267 427 4350 oportebib
449 4265 510 4329 sed
531 4265 566 4327 in
587 4263 704 4330 eadem
724 4288 872 4352 querque
886 4265 946 4342 22,
968 4289 1119 4354 quamque
1139 4268 1220 4330 eiam
1240 4269 1301 4332 luc
1316 4269 1378 4352 leqe

263 4386 409 4450 quemque
431 4364 510 4426 tueri
531 4362 693 4446 oportebit.
715 4364 763 4427 sic
782 4363 853 4427 iure
876 4363 1020 4428 consulti
1035 4387 1155 4452 quoquo
1178 4371 1212 4428 et
1233 4387 1377 4452 quaqua,

262 4461 365 4546 siquid
377 4484 397 4524 a
411 4481 531 4545 quoquo
545 4481 650 4524 eorum
654 4461 778 4546 suetiam
792 4485 853 4526 ease
863 4463 999 4540 ,dicebam
1014 4473 1161 4548 priamum
1176 4485 1297 4549 qrroquo
1312 4485 1377 4526 mo·

1173 4571 1183 4602 6
