2970 5268
635 403 698 474 llll
753 469 759 480 ,
934 411 937 416 ’
1161 407 1228 477 119

31 565 32 610 3
111 577 182 664 quid
196 575 312 642 cordis
326 577 447 663 globus
463 583 522 642 aut
535 577 648 643 oculi?
659 576 742 664 quid
755 565 928 643 membra?
940 578 1023 666 quid
1036 581 1153 646 artus?

63 713 93 756 uc
109 691 259 777 quantula
274 693 369 758 sunt!
381 691 463 777 quid
477 701 651 777 praeterea
665 692 846 778 primordia
861 715 1027 781 quaeque,

108 806 187 871 unde
201 808 314 872 anima
328 815 429 892 etque
444 807 542 872 animi
557 815 691 872 constet
704 815 825 874 natura
838 810 1070 875 necessumst?

109 943 208 986 nonne
224 921 322 986 vides
338 943 438 1006 quam
452 923 520 986 sint
533 922 667 988 subtilia
682 943 847 1008 quemque
861 924 1012 990 minuta?

109 1045 273 1121 praeterea
288 1057 374 1122 quae
389 1058 530 1123 cmnque
545 1058 606 1101 suo
623 1036 665 1102 de
682 1058 824 1125 corpore
840 1037 978 1104 odorem

108 1152 252 1236 expirant
267 1172 395 1226 acrem,
407 1172 570 1236 panaces,
581 1153 748 1218 absinthia
762 1160 886 1228 taetra,

62 1285 90 1326 :rs
105 1265 344 1352 habrotonique
357 1286 478 1352 graves
493 1267 650 1340 etta-istis
664 1275 859 1342 centaurea,

106 1403 237 1466 quorum
252 1403 355 1446 uuum
371 1381 505 1467 quidvis
519 1383 637 1449 leviter
652 1384 681 1448 si
695 1382 783 1450 forte
798 1381 931 1448 duobus

550 1728 608 1813 qui
621 1727 756 1792 fulmine
771 1728 862 1792 claro

105 1843 203 1906 onnia
218 1863 280 1929 per
296 1844 427 1907 sonitus
441 1851 551 1918 arcet,
562 1851 685 1908 terram
695 1891 703 1918 ‚
714 1863 822 1918 marc,
833 1842 975 1906 eaelum.

57 2199 85 2242 ur
103 2185 171 2269 quin
184 2188 302 2273 potius
316 2206 439 2252 noscas
453 2206 565 2250 rerum
579 2185 754 2252 simulacra
767 2187 882 2272 vagari

103 2301 193 2366 multa
205 2300 318 2366 modis
332 2301 445 2366 multis
454 2349 462 2377 ,
472 2300 564 2396 nulla
578 2300 610 2364 vi
620 2349 628 2376 ‚
639 2323 803 2386 cessaque
818 2301 943 2366 seusu?
1052 2382 1056 2392 „

138 2415 223 2499 [Sed
237 2437 284 2480 ne
299 2414 386 2480 forte
401 2424 500 2502 putes
515 2435 555 2480 ce
570 2413 699 2480 demum
715 2416 787 2480 sola
800 2416 929 2502 vagari,

24 2534 25 2581 l
56 2542 84 2588 uc
101 2551 175 2614 quae
189 2552 335 2616 cumque
349 2531 391 2596 eb
405 2531 506 2596 rebus
521 2551 632 2594 rerum
647 2531 822 2596 simulacra
836 2531 1012 2606 recedunt,

102 2654 171 2709 sunt
183 2647 282 2712 ctiam
298 2667 384 2732 quae
399 2653 520 2732 sponte
535 2667 596 2710 sua
610 2646 790 2732 gignuntur
806 2646 927 2732 etipsa

24 2825 25 2830 ,
102 2763 340 2827 constituuntur
353 2760 388 2826 iu
402 2760 468 2826 hoc
483 2760 593 2836 caele,
605 2761 662 2845 qui
678 2759 798 2825 dicitur
813 2765 886 2836 aer,

56 2887 84 2932 us
100 2895 175 2958 quae
188 2875 301 2942 multis
315 2875 460 2940 formata
472 2874 581 2940 modis
596 2875 735 2940 sublime
749 2874 917 2948 feruntur,

57 3001 84 3046 ur
101 3011 153 3054 nec
166 2991 312 3078 speciem
325 2999 454 3056 mutare
469 3011 563 3054 suam
577 2989 736 3074 liquentia
750 2997 886 3052 cessant

101 3115 128 3169 et
141 3107 300 3192 cuiusque
313 3105 405 3170 modi
419 3104 601 3168 formarum
616 3109 746 3166 vertere
759 3102 795 3164 in
810 3122 904 3178 cras3

56 3229 84 3275 us
100 3227 130 3282 ut
141 3224 246 3286 nubes
261 3221 357 3285 facilc
372 3221 460 3283 inter
474 3216 553 3283 dum
567 3235 786 3282 concrescere
800 3215 834 3278 in
849 3215 917 3279 alto

100 3337 253 3402 cemimus
267 3345 302 3400 et
315 3332 431 3400 mundi
444 3333 590 3420 speciem
604 3330 730 3398 violare
745 3351 910 3402 serenam,

56 3456 84 3502 cs
100 3453 166 3512 aera
177 3451 362 3515 mulcentes
376 3457 486 3514 motu:
497 3469 572 3512 nam
587 3466 689 3532 saepe
705 3446 884 3532 Gigantum

101 3581 152 3626 cra
163 3565 278 3630 volere
292 3561 449 3629 videntur
464 3571 498 3626 et
511 3563 660 3628 umbram
676 3559 800 3626 ducere
814 3559 898 3632 late,

100 3674 175 3742 inter
189 3677 269 3744 dum
283 3678 392 3765 magni
406 3684 537 3743 montes
553 3676 735 3760 avolsaque
749 3695 833 3738 saxa

100 3773 255 3860 montibus
270 3801 348 3856 ante
362 3792 410 3856 ire
425 3801 459 3856 ct
473 3789 577 3856 solem
591 3789 772 3854 succedere
786 3795 936 3876 praeter,

54 3913 84 3962 llo
100 3903 166 3971 inde
179 3909 262 3976 alios
277 3907 413 3972 trahere
427 3915 529 3990 etque
542 3903 702 3970 inducere
716 3904 814 3968 belua
829 3901 957 3967 nimbos
968 3901 995 3984 ,1

54 4026 83 4074 us
133 4020 226 4089 Nunc
242 4045 282 4088 eu
297 4043 396 4108 quam
410 4019 499 4086 facili
514 4027 548 4084 et
562 4019 661 4085 celeri
675 4019 804 4083 ratione
818 4023 983 4103 genantur

102 4147 319 4224 perpetuoque
333 4135 439 4202 fluant
453 4135 495 4200 ab
510 4134 611 4199 rebus
624 4135 786 4219 lapsaque
800 4130 924 4196 cedant

105 4382 144 4430 112
160 4381 249 4438 heras.
268 4385 279 4450 ΙΙ
298 4389 346 4457 let
366 4391 508 4454 gerantur.
