2946 5188
658 479 688 548 Il

98 651 245 717 floribus
259 651 453 715 umbrantes
468 657 606 715 matrem
622 652 845 740 comitumque
859 661 1025 725 catervas.

98 767 163 832 hic
176 773 304 844 armata
317 787 452 842 manus,
465 765 605 831 Curetas
619 769 751 831 nomine
766 769 846 835 Grai

8 899 71 944 eso
100 903 195 966 quos
210 890 394 944 memorant
408 879 593 966 Phrygios,
605 883 692 945 inter
706 903 743 946 se
757 883 845 950 forte
861 887 952 972 quod
968 891 1066 956 armis

100 996 228 1062 ludunt
239 997 273 1059 in
288 1016 526 1081 numerumque
541 996 694 1060 exultant
707 999 964 1084 sanguinolenti,

99 1083 425 1196 terrificas'capimm
439 1111 629 1195 quatientes
643 1112 775 1176 nomine
791 1114 924 1190 cristas,
975 1119 988 1134 ‘

100 1228 265 1292 Dictaeos
279 1223 428 1289 referunt
443 1225 601 1302 Curetas,
615 1226 671 1311 qui
684 1226 775 1290 lovis
788 1227 878 1292 illum
911 1261 917 1274 ·

98 1343 253 1427 vagitum
265 1341 300 1404 in
316 1339 416 1410 Creta
430 1339 601 1426 quondam
614 1341 802 1407 occultasse
816 1341 982 1421 feruntur,

14 1475 72 1520 ose
99 1478 180 1520 cum
193 1455 287 1544 pueri
303 1455 425 1518 circum
438 1475 577 1540 puerum
591 1456 725 1541 pernice
739 1455 864 1522 choree

15 1591 73 1636 ear
99 1571 244 1635 armatei
257 1572 291 1634 in
305 1591 476 1634 numerum
489 1569 664 1657 pulsarent
677 1571 809 1638 aeribus
823 1593 915 1652 aera,

97 1708 145 1750 ne
161 1686 324 1750 Saturnus
340 1704 415 1748 eum
428 1685 521 1762 malis
534 1683 711 1750 mandaret
724 1686 869 1775 adeptus

97 1809 341 1886 aeternumque
356 1798 453 1864 daret
466 1800 563 1863 matri
577 1801 639 1864 sub
654 1807 793 1887 pectore
807 1803 942 1869 volnus.

16 1933 72 1978 eso
97 1923 283 2000 propterea
295 1933 450 2000 magnam
464 1914 580 1978 armati
594 1923 733 1980 matrem
748 1918 960 1995 comitentur,

98 2037 161 2094 aut
175 2029 254 2115 quia
267 2027 455 2114 significant
469 2025 579 2092 divam
592 2027 787 2114 praedicere
801 2039 839 2096 ut
853 2034 952 2098 armis

98 2165 141 2208 ac
155 2145 280 2208 virtute
294 2142 399 2206 velint
411 2143 553 2228 patriam
568 2142 750 2209 defendere
765 2154 903 2222 terram,

97 2257 337 2344 praesidioque
351 2263 471 2342 parent
484 2256 665 2342 decorique
680 2261 874 2344 parentibus
889 2281 976 2328 esse.

99 2393 188 2458 quae
204 2373 288 2436 bene
304 2381 337 2435 et
352 2371 469 2436 eximie
484 2371 636 2455 quamvis
651 2371 805 2459 disposta
817 2374 985 2452 serantur,

22 2505 74 2550 ers
99 2487 203 2572 longe
217 2494 298 2552 sunt
310 2493 421 2550 tamen
437 2507 458 2550 a
471 2506 554 2550 vera
568 2487 698 2550 ratione
711 2489 859 2573 repulse.

98 2601 209 2666 omnis
224 2602 309 2665 enim
322 2621 436 2687 perse
451 2599 563 2665 divom
577 2607 697 2666 natura
711 2613 883 2670 necessest

96 2716 265 2780 inmortali
280 2737 363 2780 aevo
379 2736 506 2780 summa
520 2737 593 2780 eum
609 2737 691 2803 pace
706 2717 837 2782 fruatur

97 2839 230 2896 semota
244 2832 284 2897 ab
299 2831 425 2896 nostris
439 2832 541 2895 rebus
556 2832 772 2917 seiunctaque
787 2832 901 2919 longe:

98 2967 176 3010 nam
189 2947 321 3032 privata
335 2945 452 3010 dolore
468 2945 554 3008 omni
565 2993 573 3022 ‚
584 2945 878 3032 privatapericlis,
1004 2949 1020 2986 ‘

25 3079 75 3124 eso
95 3063 173 3147 ipsa
187 3061 256 3124 suis
269 3059 400 3152 pollens
414 3060 552 3145 opibus,
563 3058 610 3121 nil
622 3057 736 3144 indiga
748 3061 871 3135 nostri,

98 3197 161 3240 nec
174 3177 259 3239 bene
274 3174 463 3260 promeritis
478 3172 608 3257 capitur
622 3191 731 3257 neque
748 3174 894 3258 tangitur
907 3175 969 3241 ira.

97 3299 189 3355 terra
204 3287 339 3375 quidem
352 3309 433 3352 vero
449 3295 542 3352 earet
556 3287 645 3350 omui
660 3294 810 3372 tempore
825 3309 940 3366 sensu,

99 3415 134 3468 et
149 3405 228 3489 quia
240 3403 417 3468 multarum
432 3403 559 3488 potitur
573 3400 755 3487 primordia
767 3423 893 3480 rerum,

96 3518 202 3583 multa
215 3517 323 3583 modis
337 3517 448 3582 multis
464 3517 558 3581 effert
571 3517 605 3580 in
620 3517 743 3580 lumina
757 3516 853 3582 solis.

29 3649 75 3694 uss
95 3633 152 3696 hic
166 3633 271 3717 siquis
285 3651 375 3697 mare
389 3631 582 3718 Neptunum
597 3627 817 3716 Cereremque
833 3654 954 3698 vocare

97 3747 272 3811 constituit
285 3745 398 3831 fruges
415 3743 585 3810 etBacchi
600 3745 732 3808 nomine
747 3746 838 3810 abuti

97 3860 223 3924 mavolt
238 3882 337 3945 quam
351 3859 458 3924 laticis
473 3859 646 3944 proprium
660 3859 811 3944 proferre
825 3880 1002 3938 vocamen,

97 3973 318 4039 concedamus
333 3983 372 4038 ut
384 3973 439 4038 hie
454 3980 617 4037 terrarum
632 3970 763 4038 dictitet
777 3974 891 4038 orbem

98 4111 171 4154 esse
186 4088 285 4153 deum
299 4096 454 4165 matrem,
467 4087 545 4152 dum
559 4106 641 4150 vera
654 4107 691 4150 re
706 4095 816 4152 tamen
831 4089 904 4176 ipse

100 4276 300 4284 -——-—-—-—-—

98 4373 147 4420 628
165 4375 284 4421 caterva.
308 4367 318 4436 ΙΙ
342 4371 392 4420 tao
411 4366 480 4420 sorte
497 4373 633 4419 catervas.
658 4365 668 4434 ll
694 4371 741 4418 6³1
761 4369 889 4438 sanguine
906 4369 974 4424 sseti.
992 4371 1002 4439 ΙΙ
1021 4375 1069 4422 632
1089 4373 1193 4424 erimine
1213 4374 1222 4441 tl

97 4455 147 4502 636
165 4452 261 4504 Armet
279 4451 348 4504 etin
366 4466 503 4504 numerum
521 4449 629 4518 pernice
645 4448 755 4504 chorea.
774 4452 784 4520 l}
802 4455 851 4504 tet
866 4452 960 4506 Armet
976 4453 987 4522 ΙΙ
1005 4458 1054 4506 656
1073 4453 1224 4506 constituet
