3034 5198
295 489 364 556 108
829 485 859 554 ll

127 677 131 688 ’
238 727 242 736 ,
289 663 488 741 mamimlor,
500 659 688 746 repolzomar
701 707 707 732 ,
722 658 811 724 idem
823 681 842 724 e
854 659 982 746 Cyrillo
997 657 1136 743 πειράτω
1149 709 1155 734 ,
1170 671 1297 746 templa,
1312 683 1405 726 mara-

289 761 375 824 ealor
388 758 504 844 (debet
519 766 631 822 autem
646 777 721 821 esse
734 759 928 842 mmmmm)
937 781 944 820 :
954 758 1071 843 itaque
1081 755 1204 822 Paetus
1214 779 1247 842 p.
1260 759 1318 824 133
1323 771 1405 844 pae-

288 871 337 923 tae
350 856 459 942 inquit
467 879 529 944 pro
543 857 644 920 dolose
658 855 733 941 qaid
745 857 862 940 agendo
881 857 931 920 aei
951 867 1021 920 ruat
1041 877 1076 919 eo
1095 857 1206 920 verbo.
1227 863 1262 920 at
1282 878 1404 941 quam·

289 977 388 1041 quam
404 955 475 1020 soie
489 954 524 1018 iu
535 952 708 1039 glossariis
720 953 803 1016 Maii
812 999 820 1029 ‚
830 975 919 1039 quae
929 954 1053 1018 suntin
1065 961 1158 1018 tomo
1169 960 1268 1018 sexto
1280 963 1404 1018 auoto-

263 1121 267 1128 ,
286 1075 361 1117 rum
381 1052 616 1127 classicorum,
636 1073 669 1135 p.
681 1051 742 1115 533
756 1051 818 1116 566
831 1054 1033 1116 manticulare
1051 1051 1153 1137 paulo
1174 1052 1333 1138 pinguius
1351 1053 1404 1116 ita

288 1150 412 1238 exponi
424 1157 464 1214 ut
478 1149 610 1214 dicatur
626 1169 701 1214 esse
706 1148 865 1236 fraudare
884 1151 932 1213 ael
940 1150 1058 1238 sar-are
1076 1151 1123 1212 ael
1131 1149 1221 1237 sarta
1241 1150 1401 1234 ἀείρει-ε,

286 1251 366 1314 itam
385 1249 421 1313 in
441 1249 560 1314 eodem
578 1248 636 1314 illo
657 1247 748 1333 apud
772 1248 967 1314 Labbaeum
987 1248 1195 1312 onomasliao
1215 1249 1401 1312 mandaria·

285 1351 351 1412 rim
364 1397 373 1427 ,
388 1347 551 1420 κΛὲιιτιιο,
575 1367 674 1431 quem
695 1346 878 1412 admodum
899 1345 1019 1412 Festus
1042 1365 1178 1431 quoque
1198 1346 1402 1410 immolat

286 1447 460 1511 dicebamur
472 1443 584 1530 inquit
598 1445 652 1530 qai
657 1445 794 1531 siaraadi
801 1447 906 1530 pratia
916 1446 1098 1509 mammatae
1109 1444 1305 1508 attrectabant
1319 1492 1329 1523 ,
1347 1445 1399 1508 ui·

282 1543 353 1608 hilo
368 1543 476 1607 minus
489 1542 557 1606 hoo
574 1541 773 1606 vocabulum
788 1564 809 1606 a
824 1542 988 1628 dignitate
1010 1542 1110 1606 huius
1131 1541 1296 1626 poematis
1315 1540 1398 1606 alie-

167 1654 172 1662 ·
284 1663 363 1704 num
377 1639 485 1704 videri
498 1661 568 1704 uon
583 1638 705 1713 debet,
721 1660 794 1704 oum
809 1639 931 1705 Festus
953 1661 993 1705 eo
1009 1639 1190 1704 Pacuvium
1208 1640 1244 1704 iu
1259 1646 1398 1725 tragoe-

285 1739 349 1802 diis
363 1759 460 1801 usum
476 1759 550 1802 esse
564 1743 726 1812 testatum
738 1739 833 1802 auius
848 1737 916 1802 duo
928 1759 1047 1803 versus
1058 1736 1205 1803 schedae
1216 1736 1397 1821 Pomponii

284 1836 381 1900 Laeti
395 1855 464 1898 non
479 1835 561 1899 satis
572 1835 722 1920 integros
740 1833 922 1910 exhibent,
941 1833 1009 1900 duo
1025 1835 1148 1900 nullam
1161 1833 1394 1900 difficultatem

283 1933 431 2006 habent,
447 1953 533 2017 quos
543 1931 671 1998 subieci
687 1979 694 1993 .
713 1933 767 1996 Ad
778 1935 1039 1998 mmaeaanam
1053 1945 1120 1998 aeta
1133 1933 1397 2020 crppredr'tmmd

284 2033 363 2094 enim
378 2029 454 2116 qaid
460 2031 667 2116 promeruerit
683 2077 690 2092 .
712 2031 886 2116 Appi-edim·
899 2041 966 2095 arta
988 2055 1052 2095 rem
1073 2030 1240 2114 (schedae
1252 2031 1394 2116 reyeml:

282 2128 544 2194 raaatimrlaadam
557 2139 600 2191 ee!
611 2128 702 2192 milri.

365 2225 435 2290 553.
457 2247 694 2301 narraras,
717 2226 1195 2302 arvrrrr‚Arrnusas,
1216 2249 1392 2291 raanan.

281 2323 477 2404 Quadratus
487 2347 626 2409 mosera:
638 2329 812 2388 corrector
827 2323 963 2408 oblongi
972 2370 980 2396 ‚
989 2321 1136 2388 sortasse
1151 2344 1220 2387 non
1232 2324 1290 2388 ille
1304 2324 1391 2388 anti-

282 2422 480 2507 quissimus,
496 2441 657 2485 rnorem
677 2467 684 2484 .
701 2419 794 2505 apud
808 2419 951 2484 Nonium
969 2442 1000 2505 p.
1012 2419 1133 2498 200‚33
1148 2422 1184 2485 in
1194 2433 1296 2486 versu
1306 2423 1391 2486 Attii

172 2507 180 2526 ’
274 2521 397 2605 prarim
411 2521 483 2584 sive
491 2541 634 2606 prorem
647 2518 683 2581 iu
697 2518 761 2581 line
776 2539 894 2582 versus
909 2518 1033 2602 prioris
1044 2529 1219 2584 corrector
1230 2519 1389 2605 quadrati
1502 2547 1503 2556 ¹

280 2615 693 2698 oaeemae,inepte‚quasi
716 2615 790 2704 quis
812 2623 871 2679 aut
892 2615 1057 2681 foramina
1078 2627 1196 2682 natare
1218 2618 1311 2682 dieat
1330 2631 1389 2682 aut

280 2719 479 2779 curvaturas
495 2719 681 2776 costarum:
693 2731 769 2774 uam
785 2713 878 2796 quod
893 2712 998 2802 habet
1008 2712 1147 2779 Servius
1161 2714 1207 2780 ad
1215 2716 1388 2782 Aeneidos

280 2835 315 2886 ιι,
327 2810 382 2885 19,
393 2811 449 2874 alii
460 2810 560 2898 saetae
580 2831 686 2873 earam
706 2811 829 2873 nariam
837 2857 846 2888 ,
857 2812 965 2896 palbras
978 2814 1161 2877 eat-larena
1174 2815 1295 2878 tabulae
1309 2815 1387 2903 adsi·

212 2977 216 2984 ,
238 2957 244 2970 .
276 2920 406 2995 maara,
418 2931 564 2972 cavernas
578 2907 790 2993 appellarem,
804 2906 841 2972 id
855 2908 956 2972 itaut
969 2908 1072 2984 modo
1086 2908 1240 2976 dicebam
1255 2911 1387 2976 intelle·

279 3005 425 3096 gendum
441 3013 492 3070 est
507 3055 514 3069 .
535 3005 703 3070 Antonius
719 3004 817 3071 Marii
838 3013 873 3070 at
886 3005 1052 3072 Marullus
1067 2994 1223 3089 carinam,
1236 3007 1314 3073 olim
1327 3010 1386 3074 im·

278 3104 387 3192 pressi
401 3107 542 3170 carinae.
557 3104 738 3170 Lambinus
753 3104 927 3170 verissime
942 3127 1150 3183 suasuri,
1168 3108 1255 3170 utin
1270 3127 1314 3182 ιν,
1323 3107 1385 3172 439

277 3217 305 3269 et
317 3215 400 3270 recta
413 3227 542 3289 maperae
552 3205 706 3288 pamm.

360 3301 1383 3389 555.raurrrar1a12rausrra.Sieoblongus:quadra-

156 3479 160 3487 Ι
275 3407 331 3462 tus
346 3397 418 3460 sine
432 3405 514 3461 nota
523 3399 681 3482 plaustra.
698 3397 861 3463 Marullus
876 3421 1104 3464 renueras.

360 3494 616 3559 mmmmm
637 3517 839 3560 renuncia
860 3519 982 3561 rorrr
1003 3547 1009 3561 .
1032 3498 1245 3564 Haeaverba
1266 3547 1274 3575 ‚
1297 3521 1382 3586 quae

274 3599 453 3656 recurrunt
466 3593 500 3655 iu
516 3613 546 3666 v,
559 3593 637 3656 1004
654 3639 662 3667 ,
684 3594 888 3678 interpretas
902 3595 1042 3682 Vergilii
1057 3597 1273 3662 Veronenses
1289 3597 1381 3662 exhi·

274 3690 357 3754 beat
372 3688 416 3753 ad
430 3689 601 3754 Aeneidos
616 3713 650 3765 11,
661 3692 701 3754 90
721 3715 730 3766 ς
752 3693 810 3756 ubi
825 3713 892 3777 quo
907 3695 981 3760 iure
997 3695 1162 3760 Haurious
1177 3695 1306 3760 Kailios
1320 3717 1381 3782 po·

275 3790 342 3852 tius
355 3789 550 3872 Neapoterat
563 3811 745 3876 quemqnam
760 3789 932 3856 addiderit
947 3813 1046 3878 quam
1060 3793 1197 3858 Subdola
1208 3817 1276 3858 oum
1287 3795 1380 3874 ridet,

275 3885 388 3948 dicere
404 3907 471 3950 non
487 3907 623 3972 possum
643 3937 650 3950 .
674 3898 792 3953 nostro
808 3913 908 3955 versu
924 3891 1156 3979 Philargyrius
1172 3913 1253 3956 usus
1269 3903 1321 3957 est
1335 3893 1379 3956 ad

273 4001 386 4066 georg.
402 4005 446 4059 iv,
453 3983 514 4048 443
527 4008 534 4058 ;
550 3986 641 4070 apud
658 4007 754 4072 quem
764 3991 886 4073 penitae
899 3987 1022 4075 legitur
1036 4011 1100 4076 pro
1111 3991 1243 4076 placidi.

357 4079 428 4144 560.
444 4103 477 4144 sr
494 4105 558 4146 rur
568 4106 578 4145 1
587 4107 607 4146 ιι
617 4106 627 4147 ι
636 4105 682 4146 ra
693 4133 700 4147 .
713 4072 894 4150 Corieotor
907 4085 1062 4170 quadrati
1075 4095 1110 4151 et
1119 4087 1274 4172 impressi
1283 4090 1311 4152 ei
1321 4111 1379 4151 rr·

273 4197 367 4241 arra
386 4225 393 4239 .
415 4179 450 4240 iu
465 4181 628 4263 proximis
643 4203 716 4246 eum
732 4204 865 4248 versum
882 4184 976 4249 auius
992 4185 1118 4248 initium
1134 4193 1186 4250 est
1200 4187 1270 4250 Nea
1283 4209 1380 4250 reme·

272 4276 391 4340 morari
411 4275 480 4360 (sic
502 4277 587 4342 enim
610 4281 655 4344 ibi
679 4281 841 4366 seriptum
864 4285 936 4368 est)
964 4283 1150 4370 quadratus
1173 4283 1280 4348 habet
1301 4293 1380 4349 ante

272 4374 452 4458 Numquam
474 4374 506 4436 iu
528 4378 708 4442 conciliem:
728 4377 789 4444 sed
807 4379 990 4467 oblongus,
1006 4383 1126 4467 nequis
1141 4381 1378 4467 Haveraampo

271 4469 409 4543 credat,
424 4491 491 4535 uon
506 4483 642 4557 peccat.
738 4504 743 4516 ¹
