3034 5204
254 411 325 482 232
792 411 841 480 Vl

251 587 422 672 multaque
437 592 612 672 praeterea
625 583 815 671 languentia
829 583 976 648 memb'ra
989 605 1051 671 per
1064 591 1156 649 artus

251 701 387 766 solvunt
401 707 503 786 atque
517 701 657 765 animam
672 699 877 764 labefactant
890 696 1026 763 sedibus
1040 699 1146 764 intus.

254 814 397 901 denique
412 817 440 878 si
455 813 570 879 calidis
585 816 682 879 ctiam
698 823 856 878 cunctare
870 813 1015 877 lavabris

180 944 231 992 800
253 929 384 1016 plenior
398 937 432 993 et
445 930 584 1005 laveris,
595 928 679 994 solio
694 927 854 993 ferventis
869 929 968 1014 aquai
1074 909 1077 916 ¹

254 1063 352 1128 quam
367 1043 463 1108 facile
477 1045 511 1108 in
526 1042 636 1108 medio
649 1044 688 1108 fit
701 1044 749 1107 uti
764 1042 825 1107 des
840 1063 941 1130 saepe
956 1042 1085 1116 ruinas,

182 1170 231 1218 rea
255 1156 431 1222 concidere
447 1165 481 1222 et
495 1179 646 1244 spumam
659 1165 698 1222 ut
713 1159 770 1243 qui
783 1159 901 1222 morbo
916 1157 1048 1221 mittere
1063 1157 1187 1220 suevit!

181 1285 232 1333 802
255 1272 503 1358 carbonumque
518 1275 629 1359 gravia
643 1273 694 1337 vis
709 1281 811 1358 atquc
826 1270 913 1336 odor
926 1271 1112 1336 insinuatur

255 1407 353 1471 quam
368 1386 464 1452 facile
478 1388 511 1451 in
526 1387 715 1463 cerebrum,
727 1388 789 1452 nisi
804 1407 923 1471 aquam
940 1386 1168 1472 praecepimus
1182 1387 1273 1450 ante!

254 1507 290 1564 at
304 1521 378 1564 eum
392 1503 539 1566 membra
554 1500 672 1566 domus
687 1501 839 1588 percepit
852 1499 1013 1564 fervidior
1027 1501 1092 1575 vis,

182 1629 232 1676 uua
254 1621 323 1678 tum
337 1614 375 1679 fit
390 1613 475 1679 odor
490 1616 552 1679 viri
566 1615 684 1701 plagae
699 1614 882 1679 mactabilis
896 1615 1009 1678 instar.

253 1749 365 1792 nonne
379 1728 474 1793 vides
490 1730 588 1806 ctiam
603 1738 694 1794 terra
715 1750 850 1814 quoquc
865 1729 982 1814 sulpur
994 1730 1029 1792 in
1044 1729 1118 1814 ipsa

253 1842 379 1928 gignier
395 1850 429 1907 et
443 1849 552 1909 taetro
568 1864 785 1909 concrescere
801 1841 906 1907 odore
920 1842 1082 1918 bitumen3

255 1955 399 2042 denique
413 1959 470 2023 ubi
485 1959 614 2045 argenti
628 1979 733 2023 venas
747 1959 886 2043 aurique
901 1963 1073 2032 secuntur,

254 2075 357 2136 terrai
372 2073 504 2160 penitus
520 2082 709 2139 scrutantes
725 2070 839 2138 abdita
853 2071 960 2144 ferro,

182 2201 231 2248 aro
253 2186 361 2272 qualis
376 2188 508 2274 expiret
523 2189 745 2276 Scaptensula
760 2187 876 2252 subter
891 2185 1037 2251 odores?

153 2309 159 2316 '
255 2300 378 2386 quidve
392 2303 468 2366 mali
482 2303 521 2367 fit
534 2311 573 2367 ut
587 2303 745 2368 exhalent
760 2309 878 2366 aurata
891 2298 1040 2365 metalla!

256 2437 338 2500 quas
353 2417 523 2481 hominum
538 2417 687 2482 reddunt
700 2416 802 2481 facies
818 2415 993 2501 qualisque
1008 2413 1152 2483 colores!

255 2551 365 2593 nonne
380 2529 478 2594 vides
493 2531 631 2594 audisve
646 2530 755 2616 perire
769 2529 803 2592 in
818 2537 970 2613 tempore
985 2549 1090 2613 parvo

255 2663 354 2728 quam
369 2643 514 2719 soleant,
526 2651 561 2708 et
576 2664 674 2728 qnam
689 2642 769 2706 vitai
784 2643 881 2729 copia
896 2642 999 2715 desit,

182 2773 231 2819 ⁸15
255 2777 341 2841 quos
356 2777 458 2843 opere
472 2758 505 2820 in
521 2757 578 2820 tali
593 2755 729 2822 cohibet
743 2756 793 2820 vis
809 2777 929 2842 magna
943 2755 1113 2819 necessis?
1213 2769 1216 2776 '

255 2871 319 2935 hos
334 2871 433 2957 igitur
447 2872 546 2936 tellus
562 2872 667 2936 omnis
684 2879 859 2935 exaestuat
873 2877 986 2934 aestus

256 2987 451 3072 expiratque
466 2987 557 3051 foras
571 2987 605 3050 in
620 2995 771 3073 apertum
786 2992 1008 3071 promptaque
1024 2983 1123 3047 caeli.

296 3101 352 3166 Sic
368 3121 407 3165 ea
420 3101 555 3165 Averna
568 3103 642 3166 loca
657 3101 788 3166 alitibus
803 3100 1007 3166 summittere
1022 3098 1147 3164 debent

254 3215 457 3281 mortiferam
471 3216 556 3292 vim,
569 3214 611 3280 de
626 3225 717 3281 terra
733 3237 818 3301 quae
833 3215 940 3301 surgit
954 3215 987 3278 in
1003 3235 1116 3289 auras,

183 3346 232 3394 820
254 3339 291 3394 ut
306 3331 450 3416 spatium
465 3330 546 3394 caeli
562 3329 705 3415 quadarn
723 3329 765 3394 de
779 3339 876 3415 parte
891 3335 1050 3404 venenet3

255 3467 322 3530 quo
338 3443 487 3507 simulac
503 3443 643 3530 primum
659 3444 776 3530 [renuis
793 3441 903 3507 delata
918 3444 962 3508 sit
977 3443 1061 3518 ales,

255 3558 455 3644 impediatur
469 3559 515 3622 ibi
530 3579 630 3621 caeco
646 3565 803 3642 correpta
817 3579 964 3632 veneno,

255 3681 294 3738 ut
309 3673 409 3738 eadat
423 3695 440 3736 e
455 3673 591 3758 regione
605 3672 669 3736 loci
679 3720 687 3747 ‚
698 3693 766 3757 qua
781 3669 902 3758 derigit
916 3679 1046 3736 aestua.

257 3810 324 3874 quo
340 3808 414 3853 cum
430 3787 577 3863 conruit,
589 3786 642 3850 hie
659 3784 775 3850 eadem
789 3788 839 3850 vis
854 3787 941 3852 illins
956 3794 1070 3851 aestus

258 4006 458 4014 --—-—·—..

260 4137 310 4186 798
333 4131 491 4187 labefaciant
514 4136 524 4203 ΙΙ
549 4141 597 4186 799
622 4143 746 4188 cnrrcterc
770 4136 780 4204 ΙΙ
804 4141 853 4187 899
879 4133 994 4186 efficeris
1019 4133 1030 4201 ll
1053 4137 1100 4186 801
1125 4130 1159 4184 de
1181 4133 1192 4200 11
1218 4135 1266 4183 798
1289 4146 1386 4200 pumos

259 4215 303 4285 qui
328 4217 338 4284 Η
362 4220 410 4268 899
429 4216 563 4269 celebrum
587 4217 597 4284 ΙΙ
621 4235 688 4288 aqua
711 4218 721 4288 ΙΙ
746 4222 794 4270 894
814 4215 954 4285 domnnall
973 4215 1148 4284 fcrvidascrll
1167 4221 1216 4268 895
1236 4214 1288 4266 vini
1306 4214 1316 4282 ΙΙ
1337 4219 1386 4268 899

260 4301 331 4370 ipso.
353 4300 364 4370 Η
388 4305 437 4354 898
456 4308 566 4370 argento
591 4299 601 4371 ΙΙ
626 4307 672 4354 811
694 4301 813 4356 metulla.
834 4301 911 4371 11813
931 4299 1023 4354 audire
1039 4302 1050 4369 ΙΙ
1070 4307 1119 4353 815
1138 4305 1288 4354 necessest.
1307 4298 1317 4366 ΙΙ
1337 4303 1387 4350 818

260 4391 287 4436 et
304 4383 314 4454 ll
332 4383 417 4437 locam
435 4383 531 4437 alitbus
551 4383 560 4454 Η
580 4390 628 4438 899
647 4386 746 4454 patiam
765 4385 775 4454 ll
793 4383 907 4455 quodam
