2970 5268
290 454 357 522 158
832 456 864 520 V

285 651 352 716 quo
367 629 471 715 magis
485 628 540 693 hic
554 629 672 693 merito
686 629 785 693 nobis
800 627 885 694 deus
900 651 975 695 esse
988 631 1140 708 videtur,

222 761 254 806 ao
284 764 327 808 ex
342 764 410 829 quo
425 765 513 807 nunc
528 745 626 808 etiam
641 764 701 828 per
716 764 852 830 magnas
868 743 974 810 didita
988 747 1096 832 gentis

284 857 395 922 dulcia
407 857 615 943 permulcent
629 859 757 922 animos
771 857 895 923 solacia
908 860 1014 925 vitae.

283 973 437 1038 Herculis
452 974 612 1038 antistare
626 980 736 1037 autem
750 973 778 1036 si
793 973 884 1038 facta
897 975 1047 1062 putabis,

281 1088 414 1174 longius
429 1109 449 1151 a
464 1109 544 1152 vera
557 1086 661 1151 multo
675 1088 806 1152 ratione
820 1087 943 1153 ferere.

282 1202 365 1289 quid
377 1202 564 1267 Nemeaeus
579 1203 664 1267 enim
677 1203 775 1268 nobis
790 1224 878 1267 nunc
892 1224 1031 1290 magnus
1046 1205 1157 1270 hiatus

220 1335 252 1380 25
281 1318 335 1382 ille
349 1317 454 1382 leonis
470 1318 606 1382 obesset
620 1326 655 1382 ct
668 1317 810 1383 horrens
824 1317 990 1382 Arcadius
1005 1319 1087 1384 sus?

281 1431 425 1518 denique
440 1431 521 1518 quid
537 1431 655 1498 Cretae
670 1439 786 1496 murus
799 1432 1018 1518 Lernaeaque
1031 1435 1137 1520 pestis

280 1546 393 1635 hydra
405 1546 581 1612 venenatis
594 1553 712 1630 posset
723 1545 848 1611 vallata
862 1547 1031 1612 colubris?

280 1660 404 1747 quidve
417 1661 601 1748 tripectora
613 1671 666 1724 ter
680 1661 799 1746 gemini
813 1662 864 1726 vis
879 1662 1049 1748 Geryonai

281 1785 315 1841 et
328 1773 499 1842 Diomedis
515 1774 591 1860 equi
606 1773 772 1860 spirantes
787 1776 924 1841 naribus
938 1778 1061 1863 ignem,

216 1909 246 1957 ³1
278 1891 444 1957 Thracam
458 1888 691 1975 Bistoniasque
707 1888 822 1977 plagas
838 1899 939 1976 atque
952 1891 1078 1956 Ismara
1091 1902 1246 1979 propter,

217 2023 249 2071 ao
279 2014 375 2072 tanto
391 2025 493 2093 opere
508 2003 697 2080 officerent,
709 2012 743 2069 ct
756 2025 836 2069 aves
852 2005 1051 2092 Stymphala
1064 2006 1237 2072 colentes?

216 2137 247 2183 sa
278 2141 444 2206 aureaque
457 2117 682 2204 Hesperidum
697 2139 834 2183 servans
848 2119 1009 2205 fulgentia
1023 2121 1122 2196 mala,

277 2257 393 2323 asper,
404 2234 526 2298 acerba
541 2241 639 2298 tuens
648 2280 656 2308 ‚
666 2233 798 2298 immani
813 2254 956 2318 corpore
970 2256 1109 2320 serpens

276 2350 406 2416 arboris
420 2349 591 2433 amplexus
606 2347 743 2433 stirpem
758 2345 841 2432 quid
855 2346 999 2433 denique
1012 2351 1149 2415 obesset

215 2479 247 2526 aa
277 2472 415 2551 propter
430 2463 621 2527 Atlanteum
636 2461 712 2525 litus
727 2461 912 2547 pelagoque
927 2485 1067 2539 sonora,

265 2599 342 2664 ⁸quo
357 2597 466 2662 neque
480 2585 597 2640 noster
611 2573 683 2638 adit
697 2575 871 2658 quisquam
885 2597 949 2642 uec
963 2579 1127 2644 barbarus
1142 2579 1266 2644 audet?

273 2699 386 2756 cetera
399 2690 442 2755 de
456 2710 579 2776 genere
593 2687 659 2753 hoc
674 2709 760 2773 quae
775 2699 854 2754 aunt
869 2699 1029 2776 portenta
1043 2705 1232 2781 perempta,

272 2807 320 2870 sei
333 2827 403 2870 non
417 2806 506 2869 victa
519 2803 648 2878 forent,
660 2802 742 2888 quid
757 2803 893 2870 tandem
910 2807 985 2870 viva
999 2809 1186 2873 nocerent?

272 2921 335 2998 nil,
346 2929 384 2986 ut
397 2921 517 3008 opinor
527 2943 534 2983 :
545 2919 592 2982 ita
606 2917 651 2984 ad
664 2920 817 3014 satiatem
831 2928 923 2984 terra
936 2919 1080 2987 ferarum

210 3053 242 3100 ro
270 3059 359 3101 nunc
374 3037 473 3102 etiam
488 3035 587 3100 scatit
601 3043 637 3100 et
650 3034 784 3122 trepido
799 3045 929 3101 terrore
944 3037 1073 3124 repleta
1087 3047 1139 3102 est

269 3173 331 3238 per
345 3172 482 3216 nemora
496 3173 535 3217 ac
549 3159 680 3216 montes
694 3171 834 3237 magnos
849 3149 1019 3235 silvasque
1033 3150 1235 3237 profundam

270 3286 355 3352 quae
370 3265 445 3330 loca
458 3263 587 3328 vitandi
600 3264 797 3360 plerumque
812 3271 865 3328 est
877 3273 995 3328 nostra
1008 3272 1176 3348 potestas.

266 3387 303 3444 at
316 3379 379 3442 nisi
393 3385 605 3464 purgatumst
618 3386 754 3461 pectus,
765 3397 851 3462 quae
866 3377 992 3463 proelia
1006 3378 1104 3442 nobis

266 3499 369 3578 atque
383 3490 531 3578 pericula
544 3497 648 3554 tumst
659 3491 798 3574 ingratis
811 3487 1060 3555 insinuandum!

205 3624 236 3669 45
268 3613 412 3692 quantae
427 3614 497 3669 tum
511 3601 670 3669 scindunt
682 3603 849 3668 hominem
865 3603 1069 3690 cuppedinis
1076 3625 1170 3671 acres

265 3719 441 3784 sollicitum
456 3739 572 3790 curae,
588 3718 772 3802 quantique
786 3705 926 3803 perinde
940 3719 1090 3786 timores!

265 3834 388 3919 quidve
403 3833 560 3919 superbia
574 3831 733 3919 spurcitia
746 3851 786 3896 ac
801 3833 1009 3917 petilentia?
1021 3841 1163 3918 quantas

265 3947 412 4012 efficiunt
427 3947 554 4012 clades!
568 3945 649 4032 quid
663 3947 762 4012 luxus
778 3945 1017 4032 desidiaeque?

262 4062 347 4126 haee
360 4062 461 4148 igitur
476 4063 534 4146 qui
548 4071 669 4128 cuncta
682 4061 852 4146 subegerit
867 4082 909 4124 ex
924 4062 1099 4147 animoque

264 4247 464 4257 .-

264 4349 294 4394 31
316 4342 430 4395 Thracia
448 4343 458 4412 ΙΙ
477 4349 509 4394 30
527 4343 604 4396 nobis
622 4341 757 4414 tymphala
774 4341 785 4411 ll
804 4347 834 4393 33
848 4341 962 4394 acerbari
981 4340 992 4410 ss
1010 4348 1041 4394 at
1055 4345 1153 4414 stirpes
1166 4344 1176 4412 ll
1190 4349 1221 4394 35
1235 4345 1367 4399 atianeum
1382 4349 1393 4415 ΙΙ

263 4425 404 4496 pelagique
420 4443 526 4479 severa.
544 4427 554 4494 ΙΙ
574 4431 605 4478 38
624 4426 679 4479 Sed
698 4429 708 4494 ΙΙ
727 4427 812 4480 vincta
831 4424 842 4492 ll
859 4431 892 4476 44
909 4431 972 4478 sunt
990 4423 1000 4491 ll
1018 4433 1049 4478 ⁴5
1069 4424 1231 4496 cuppedines
