3034 5204
641 443 676 510 V

83 641 189 706 quam
205 617 290 682 dare
308 615 401 702 quod
415 623 587 702 gemerent
601 616 734 692 hastae,
745 617 876 703 ipsique
891 617 1015 702 perire,

84 735 142 820 qui
158 754 305 797 numero
323 729 520 796 diffidebant
533 731 700 816 armisque
715 731 893 796 vacabant.

123 848 263 914 Nexilis
279 854 356 910 ante
372 845 434 911 fuit
448 846 552 910 restis
568 866 666 931 quam
682 847 798 910 textile
813 850 980 932 tegmem·

85 963 207 1029 textile
224 968 305 1047 post
318 960 491 1038 ferrumst,
503 961 581 1046 quia
594 960 685 1025 ferro
700 961 767 1024 tela
780 969 933 1046 paratur,

85 1102 149 1143 nee
165 1078 302 1142 ratione
317 1075 380 1140 alia
394 1083 538 1162 possunt
551 1083 620 1140 tam
633 1075 720 1140 levia
733 1075 823 1161 gigni

85 1193 201 1258 insilia
216 1213 257 1255 ac
271 1190 337 1254 fusi
346 1239 353 1268 ‚
363 1189 463 1267 radii,
475 1191 635 1278 scapique
650 1199 825 1256 sonantes.

88 1319 121 1372 et
136 1309 256 1372 facere
271 1312 349 1370 ante
364 1307 455 1371 viros
468 1306 579 1370 lanam
593 1313 715 1370 natura
730 1306 839 1391 coegit

31 1443 72 1486 :ss
88 1444 194 1510 quam
207 1421 368 1486 muliebre
382 1441 488 1506 genus
498 1445 506 1485 :
516 1443 593 1486 nam
606 1421 707 1507 longe
721 1429 873 1508 praestat
885 1422 919 1486 in
934 1431 1006 1487 arte

89 1548 123 1603 et
139 1536 316 1602 sollertius
332 1543 383 1600 est
396 1537 502 1600 multo
517 1557 623 1622 genus
638 1557 735 1600 omna
749 1536 859 1614 virile3
939 1555 963 1574 ··

89 1652 264 1739 agricolae
280 1649 389 1715 donec
403 1651 484 1716 vitio
500 1659 631 1716 vertere
645 1653 766 1726 severi,

88 1779 128 1833 ut
143 1766 363 1830 muliebribus
377 1763 413 1828 id
427 1766 579 1829 manibus
594 1765 780 1830 concedere
794 1743 932 1832 vellent·

90 1893 198 1969 atque
213 1881 278 1969 ipsi
291 1881 417 1968 pariter
433 1879 552 1945 durum
568 1881 707 1946 sufferre
720 1881 885 1958 laborem,

39 2017 75 2060 aar
91 2009 198 2084 atque
214 2017 316 2084 opere
332 1995 466 2060 induro
483 1994 644 2060 durarent
657 1997 804 2061 membra
818 2018 1018 2085 manusque.

134 2114 184 2178 At
198 2113 365 2197 specimen
381 2111 519 2175 sationis
535 2118 569 2174 ct
581 2111 746 2175 insitionis
763 2111 857 2197 origo

93 2232 172 2315 ipsa
185 2227 249 2291 fuit
262 2248 372 2290 rerum
387 2225 528 2313 primurn
542 2233 662 2289 natura
678 2226 838 2302 creatrix,

94 2343 275 2408 arboribus
291 2341 448 2427 quoniam
461 2341 565 2404 bacae
581 2337 788 2425 glandesque
804 2338 950 2405 caducae

95 2457 299 2545 tempestiva
314 2455 440 2520 dabant
453 2454 620 2544 pullorum
636 2455 788 2518 examina
801 2461 936 2540 supter;

39 2595 80 2636 aa
94 2573 187 2638 unde
205 2573 302 2638 etiam
315 2571 478 2635 libitumst
492 2570 606 2656 stirpis
621 2570 826 2634 committere
841 2572 941 2635 ramis

97 2701 133 2754 ct
148 2709 237 2752 nova
252 2686 411 2782 defodere
425 2686 459 2748 in
474 2695 596 2750 terram
610 2686 754 2772 virgulta
768 2707 828 2770 per
844 2707 957 2771 agros.
1039 2695 1042 2704 '

96 2803 177 2869 inde
192 2803 287 2867 aliam
303 2810 404 2887 atquc
421 2801 516 2864 aliam
532 2803 692 2866 culturam
709 2799 814 2864 dulcis
830 2801 927 2886 agelli

97 2921 326 3005 temptabant,
337 2917 533 3002 fructusque
548 2917 637 2980 feros
653 2936 883 2979 mansuescere
898 2924 1020 2979 terram

98 3035 284 3100 cernebant
298 3031 503 3119 indulgendo
518 3029 708 3115 blandeque
724 3028 882 3092 colendo.

33 3168 83 3212 {tua
95 3153 200 3236 inque
216 3148 287 3213 dies
301 3149 406 3233 magis
420 3148 454 3212 in
469 3155 615 3210 montem
629 3142 811 3208 succedere
826 3143 926 3206 silvas

99 3266 267 3352 cogebant
279 3263 432 3348 infraque
447 3262 557 3326 locum
572 3259 758 3326 concedere
773 3257 887 3332 cultis,

99 3389 200 3467 prata
214 3380 306 3443 lacus
319 3379 411 3442 rivos
427 3387 558 3464 segetes
573 3375 755 3461 vinetaque
769 3375 858 3438 laeta

101 3496 243 3560 collibus
258 3502 292 3560 et
307 3494 432 3582 campis
446 3502 485 3556 ut
498 3493 679 3568 haberent,
691 3499 793 3576 atquc
809 3490 955 3554 olcarum

102 3611 236 3676 caenrla
251 3610 460 3695 distinguens
474 3609 561 3672 inter
576 3608 675 3693 plaga
691 3628 825 3671 currere
840 3617 957 3690 posset

43 3745 85 3788 aa
102 3749 163 3814 per
179 3726 322 3792 tumulos
338 3733 371 3790 et
386 3722 546 3788 convallis
563 3742 766 3807 camposque
782 3721 935 3808 profusor

101 3851 142 3906 ut
155 3865 243 3907 nune
259 3863 334 3906 esse
348 3838 445 3906 vides
460 3837 553 3902 vario
569 3835 725 3900 distincta
737 3836 854 3920 lepore

103 3959 231 4034 omnia,
244 3978 330 4044 quac
345 3955 452 4042 pomis
466 3951 619 4016 intersita
634 3949 785 4014 dulcibus
802 3957 923 4012 ornant

103 4073 316 4158 arbustisque
331 4077 447 4135 tenent
461 4067 613 4133 felicibus
630 4061 741 4152 opsita
756 4065 894 4128 circum.

146 4189 216 4275 [At
229 4185 375 4274 liquidas
390 4187 498 4251 avium
512 4205 615 4250 voces
629 4180 786 4247 imitarier
802 4200 860 4244 ore

109 4447 173 4492 1354
193 4439 279 4491 ianam
298 4435 308 4504 ll
329 4441 392 4490 1361
413 4437 439 4490 Λ
458 4437 468 4503 ll
493 4439 557 4488 1360
576 4431 697 4486 defodirc
715 4431 724 4498 ll
746 4435 810 4483 13ϋὸ
830 4435 914 4482 terra.
