2946 5188
648 429 696 496 111

21 621 73 664 ess
98 623 180 667 rara
195 599 289 686 quod
304 601 374 665 eius
390 600 474 664 enim
490 607 625 666 constet
638 608 958 690 naturuueeessese

101 717 192 781 aeris
207 716 295 780 inter
311 737 384 780 eum
400 715 582 800 primordie
595 716 700 780 multe
713 718 855 782 moveri.

99 832 168 895 iam
184 829 306 915 triplex
321 829 420 894 animi
434 839 485 894 est
499 831 599 916 igitur
613 837 733 895 natura
746 840 897 918 reperte:

103 967 169 1010 neo
183 953 295 1009 tamen
310 943 395 1008 haee
409 953 463 1008 set
477 951 556 1008 sunt
570 943 764 1008 adsensum
779 953 900 1010 cuncte
914 944 1111 1022 creandum

102 1059 153 1122 nil
165 1059 287 1124 horum
302 1057 459 1143 quoniam
473 1058 593 1144 recipit
608 1079 706 1144 quem
720 1081 822 1144 posse
836 1080 966 1135 creare,

25 1192 79 1238 rso
102 1171 287 1237 sensiferos
301 1179 412 1236 motus
427 1171 591 1257 quaedam
606 1173 657 1238 vis
671 1175 782 1238 menti’
796 1174 939 1238 volutet.

105 1293 229 1372 quarte
243 1307 379 1371 quoque
392 1285 446 1350 his
459 1287 561 1372 igitur
576 1286 741 1372 quaedem
754 1295 877 1353 nutrire
888 1295 1061 1352 necessest

103 1399 319 1466 adtribuatur
330 1424 338 1464 :
349 1407 422 1466 east
437 1401 570 1466 omnino
584 1403 727 1466 nominis
742 1423 880 1487 expers3

105 1537 176 1602 que
188 1537 299 1600 neque
313 1515 467 1580 mobilius
483 1516 660 1600 quicquam
674 1537 784 1601 neque
798 1516 929 1581 tenvius
946 1523 1071 1592 exstet,

104 1653 169 1694 nec
184 1630 288 1715 magis
305 1636 338 1693 et
352 1629 465 1715 parvis
481 1635 514 1692 et
528 1629 656 1696 levibus
672 1652 714 1694 ex
730 1630 916 1707 elementia

30 1764 80 1808 rie
102 1743 286 1809 sensiferos
301 1751 412 1808 motus
427 1763 512 1828 quse
527 1742 733 1832 diditprime
747 1754 928 1830 perettus.

101 1859 211 1944 prima
226 1859 332 1923 cietur
347 1858 431 1921 enim
440 1905 449 1934 ‚
459 1858 572 1943 parvis
586 1857 737 1943 perfecte
749 1857 877 1943 figuris:

102 1972 186 2037 inde
201 1971 293 2038 calor
307 1979 416 2036 motus
433 1980 466 2036 et
480 1973 571 2037 venti
586 1993 686 2037 coece
699 1980 853 2059 potestas

104 2088 246 2174 accipit,
258 2084 336 2150 inde
351 2092 424 2150 aer:
437 2084 515 2150 inde
531 2088 641 2152 omnis
651 2087 894 2162 mobilitantur‚

104 2201 297 2266 concutitur
312 2200 446 2286 sanguis
456 2249 464 2276 ‚
474 2209 544 2265 tum
558 2201 688 2266 viscere
702 2201 952 2286 persentiscunt
1033 2183 1035 2188 ’

33 2333 81 2378 rto
106 2309 235 2390 omnio,
247 2315 422 2400 postremis
439 2313 539 2380 detur
554 2315 687 2378 ossibus
702 2321 803 2400 etque
818 2313 970 2378 medullis

102 2431 176 2495 sive
190 2429 348 2514 voluptas
362 2439 417 2504 est
431 2429 501 2493 sive
517 2435 569 2492 est
583 2427 772 2494 contrarius
787 2427 906 2492 ardor.

103 2565 169 2608 nee
182 2551 307 2608 temere
321 2542 388 2606 huc
405 2542 502 2607 dolor
516 2563 624 2628 usque
636 2551 750 2627 potest
763 2553 941 2628 penetrare
954 2563 1064 2627 neque
1079 2563 1156 2606 ecre
1202 2583 1207 2588 -

104 2679 302 2744 permanere
316 2657 453 2731 malum,
466 2657 546 2742 quin
561 2658 670 2723 omnia
683 2659 924 2743 perturbentur

103 2793 214 2858 usque
228 2770 314 2836 odeo
328 2780 367 2835 ut
380 2771 467 2836 vitae
483 2770 571 2836 desit
584 2772 679 2838 loeus
694 2780 795 2858 etque
810 2773 929 2837 animai

37 2905 82 2948 res
106 2885 283 2972 diffugient
297 2893 411 2973 pentes
426 2907 486 2972 per
501 2887 614 2952 oeulos
629 2887 782 2971 eorporis
799 2887 919 2952 omnis.

106 3001 169 3066 sed
183 3001 380 3088 plerumque
394 3000 431 3064 fit
444 3000 479 3063 in
494 3022 621 3064 summo
637 3001 735 3085 qussi
750 3021 893 3085 corpore
906 2999 981 3064 finis

105 3115 270 3180 motibus:
281 3113 370 3186 hene
385 3115 428 3180 ob
444 3134 514 3178 rem
528 3115 630 3178 vitem
644 3113 814 3176 retinemu’
830 3113 993 3177 valentes.

147 3228 248 3294 Nunc
263 3249 303 3293 ee
318 3251 385 3314 quo
399 3235 500 3314 poeto
515 3228 603 3292 inter
618 3247 693 3292 sese
706 3226 810 3292 mixte
825 3226 1012 3312 quibusque

108 3351 244 3431 compte
258 3341 366 3407 modis
382 3344 516 3428 vigeant
528 3341 692 3406 rationem
705 3339 848 3406 reddere
863 3347 1016 3406 aventem

6 3433 9 3440 ’
43 3475 87 3520 reo
107 3457 275 3523 abstrahit
288 3457 426 3522 invitum
440 3457 540 3544 patrii
555 3456 717 3522 sermonis
732 3463 879 3541 egestas:
973 3529 975 3534 ¹

109 3572 171 3636 sed
186 3580 298 3636 temen
308 3621 315 3648 ‚
327 3579 366 3634 ut
379 3579 499 3657 potero
515 3570 699 3636 summatim
714 3572 895 3657 attingere,
907 3577 1056 3655 tongam.

107 3688 196 3751 inter
211 3687 296 3750 enim
312 3693 450 3751 cursant
463 3685 646 3772 primordie
659 3684 897 3772 principiorum

109 3801 257 3866 motibus
272 3801 359 3864 inter
374 3822 410 3864 se
420 3849 428 3876 ‚
439 3800 485 3865 nil
499 3807 537 3864 ut
551 3799 718 3864 secernier
732 3821 833 3864 unum

108 3916 218 4002 possit
232 3935 295 3979 nec
309 3915 418 3999 spatio
434 3915 504 3978 fieri
520 3913 627 3979 divise
640 3921 807 3999 potestas,

111 4117 315 4127 ..-.----

113 4233 164 4281 2³6
184 4229 252 4280 inter
272 4243 330 4280 eum
349 4227 399 4282 bie·
418 4227 428 4296 ΙΙ
446 4228 559 4297 mqueri.
577 4227 588 4297 lt
613 4231 662 4278 239
680 4225 782 4295 recepit
799 4241 873 4278 mons
891 4223 902 4294 lt
921 4229 970 4277 240
989 4241 1040 4295 que
1057 4233 1146 4278 mente
1162 4225 1173 4291 ΙΙ
1193 4227 1241 4274 243

113 4311 203 4365 tenuis
220 4311 231 4380 ΙΙ
249 4317 299 4364 24⁴
317 4311 439 4380 operris
457 4311 468 4378 ΙΙ
486 4316 535 4362 249
553 4317 609 4362 tum
626 4309 735 4378 sanguis
759 4309 770 4375 ΙΙ
793 4307 995 4378 persentisiunt.
1017 4307 1028 4376 ΙΙ
1051 4313 1099 4360 254
1118 4313 1148 4358 ut
1165 4309 1242 4357 orub-

112 4413 185 4448 eum.
203 4393 215 4460 lt
232 4399 282 4446 255
301 4391 400 4446 eulvies
419 4391 429 4460 ti
448 4399 496 4445 257
516 4392 643 4445 velemus.
