2946 5188
667 487 715 554 Ill

123 683 201 726 esse
216 663 344 726 animos
359 662 552 746 animasque
567 659 650 723 levis
664 666 703 722 ut
716 679 856 724 noscere
871 661 997 746 possis,

121 777 318 861 conquisita
332 775 390 839 diu
406 774 561 860 dulcique
576 780 710 859 reperta
723 773 839 838 labore

50 909 96 954 iro
121 889 226 977 digna
241 899 300 955 tua
312 910 449 977 pergam
464 889 645 975 disponere
659 888 805 952 carmina
819 910 913 954 cura.

121 1016 164 1070 tu
176 1005 230 1069 fac
243 1017 421 1090 utrumque
436 1004 492 1067 uni
506 1003 688 1089 subiungas
701 1023 824 1068 nomen
838 1024 966 1078 eorum,

122 1127 228 1204 atque
243 1118 384 1182 animam
399 1119 492 1182 verbi
507 1139 697 1183 causacum
713 1116 824 1181 dicere
838 1139 989 1204 pergam,

122 1233 301 1298 mortalem
316 1254 390 1298 esse
406 1232 550 1307 doeens,
562 1232 703 1296 animum
719 1253 854 1316 quoque
870 1231 982 1295 dicere
998 1232 1131 1308 credas,

52 1419 64 1432 ,
125 1370 195 1433 qua
209 1356 307 1411 tenus
323 1355 376 1412 est
389 1369 490 1411 unum
504 1347 591 1410 inter
605 1367 642 1410 se
657 1346 902 1431 coniunctaque
916 1369 971 1410 res
988 1355 1054 1410 est.

51 1483 98 1526 435
124 1461 291 1550 principio
307 1463 462 1546 quoniam
476 1469 610 1525 tenuem
626 1470 781 1524 constare
797 1461 929 1526 minutis

127 1577 328 1664 corporibus
343 1567 442 1640 docui
456 1577 628 1661 multoque
643 1575 825 1640 minoribus
841 1597 914 1640 esse

125 1691 298 1780 principiis
312 1689 435 1754 factam
450 1711 549 1776 quam
563 1689 709 1776 liquidus
724 1712 820 1755 umor
835 1691 932 1775 aquai

125 1813 185 1871 aut
198 1805 321 1871 nebula
335 1811 393 1869 aut
405 1803 514 1869 fumus
524 1853 531 1880 ‚
541 1806 606 1869 iam
620 1806 719 1890 longe
733 1805 916 1870 mobilitate

125 1928 280 2008 praestat
295 1932 330 1984 et
344 1940 364 1982 a
378 1920 470 1983 tenui
485 1941 586 1984 causa
599 1920 704 2006 magis
718 1920 786 1984 ieta
800 1927 969 1985 movetur.

50 2053 96 2100 431
123 2033 219 2121 quod
233 2053 340 2120 genus
357 2043 425 2109 est,
436 2035 562 2098 somnis
578 2035 678 2119 sopiti
692 2034 751 2098 ubi
766 2034 930 2098 cernimus
945 2035 1012 2100 alte

126 2151 262 2214 exalare
276 2169 437 2235 vaporem
451 2148 569 2212 altaria
583 2149 737 2234 ferreque
752 2147 890 2212 furnum.

52 2281 100 2328 434
123 2286 215 2328 nunc
229 2263 329 2350 igitur
344 2265 501 2349 quoniam
517 2263 683 2348 quassatis
698 2262 846 2348 undique
860 2265 949 2328 vasis

129 2377 283 2442 diffluere
297 2399 445 2442 umorem
461 2386 494 2441 et
508 2377 639 2441 laticem
655 2375 828 2441 discedere
844 2379 968 2454 cernis,

128 2501 163 2558 et
176 2492 301 2557 nebula
314 2514 354 2556 ac
368 2491 478 2556 fumus
494 2492 650 2576 quoniam
666 2489 810 2557 discedit
822 2494 856 2556 in
871 2513 987 2568 auras,

127 2606 230 2672 crede
244 2607 384 2671 animam
400 2628 536 2693 quoque
552 2605 691 2670 diffimdi
706 2607 877 2692 multoque
892 2609 1001 2692 perire

129 2723 224 2788 ocius
239 2730 273 2786 et
287 2721 384 2787 citius
400 2720 538 2786 dissolvi
552 2721 586 2785 in
603 2742 746 2806 corpora
760 2709 880 2806 prima,

130 2860 205 2902 cum
219 2837 321 2902 semel
337 2857 379 2900 ax
392 2823 534 2899 hominis
549 2835 703 2899 membris
718 2835 830 2900 ablata
843 2839 997 2902 recessit:

57 2972 106 3016 iro
131 2953 255 3038 quippe
270 2950 391 3015 etenim
405 2972 545 3036 empne,
558 2949 650 3034 quod
665 2969 725 3012 vas
741 2951 836 3034 quasi
851 2952 1002 3023 constitit
1017 2954 1101 3023 eius,

132 3088 230 3153 quarn
246 3066 403 3130 cohibere
417 3065 536 3150 nequit
551 3071 811 3148 conquassatum
827 3084 868 3125 ex
882 3063 992 3148 aliqua
1008 3087 1043 3126 re

131 3203 170 3245 ae
184 3181 384 3245 rarefactum
401 3178 554 3243 detracto
570 3176 731 3261 sanguine
745 3175 854 3249 venis,

131 3302 208 3360 aere
223 3296 281 3382 qui
295 3293 413 3359 credas
428 3314 530 3378 posse
545 3291 632 3355 hanc
647 3289 834 3355 cohiberier
848 3290 938 3355 ullo?

134 3431 277 3496 corpore
292 3409 349 3494 qui
363 3412 481 3472 nostro
496 3429 593 3472 rarus
607 3405 712 3491 magis
726 3405 754 3469 is
770 3403 976 3471 oohibessit?

68 3543 110 3586 145
173 3524 354 3589 Praeterea
368 3523 457 3608 gigni
473 3522 597 3606 pariter
612 3542 686 3586 cum
702 3540 844 3606 corpore
859 3527 893 3584 et
906 3542 973 3586 una

132 3659 284 3704 erescere
300 3637 459 3702 sentimus
474 3637 666 3722 pariterque
680 3655 856 3700 senescere
871 3645 1026 3700 mentem.

132 3775 210 3817 nam
223 3755 278 3819 vel
292 3761 331 3817 ut
343 3749 471 3815 infirmo
486 3750 581 3837 pueri
596 3757 779 3834 teneroque
795 3759 957 3835 vagantur

133 3877 276 3956 corpore
284 3917 293 3948 ,
305 3866 353 3930 sic
367 3864 632 3949 animi'sequitur
646 3865 814 3929 sententia
826 3864 954 3929 tenvis:

1212 4055 1220 4080 l

136 4087 338 4097 --..-—·-

136 4219 187 4266 420
205 4213 272 4266 vita.
301 4213 312 4281 ΙΙ
338 4209 623 4283 421unolluomell
651 4213 700 4260 428
718 4224 778 4259 narn
801 4208 811 4276 ll
835 4213 885 4260 429
904 4207 1028 4263 Prestala
1052 4211 1062 4279 ll
1087 4217 1136 4264 430
1157 4212 1262 4282 Quippe

134 4297 181 4350 ubi
199 4295 358 4366 imaginibus
377 4292 441 4347 lumi
458 4293 623 4362 nebulaeque
640 4299 794 4344 moventur.
831 4292 840 4359 ΙΙ
876 4297 923 4344 431
944 4294 1089 4346 insomnis
1121 4297 1132 4363 ΙΙ
1159 4293 1224 4344 alta.
1252 4293 1262 4360 11

135 4385 187 4432 433
207 4395 306 4449 vapore
341 4379 351 4446 ΙΙ
388 4382 436 4428 433
455 4375 524 4428 Nmn
541 4374 635 4446 procul
652 4375 716 4428 haec
735 4374 815 4427 dubio
832 4375 910 4430 nobis
928 4377 1067 4430 simulacra
1083 4381 1223 4446 gematur.
1251 4377 1261 4442 ΙΙ

135 4467 187 4514 437
207 4459 311 4514 Credeo
330 4461 340 4528 ΙΙ
359 4463 409 4512 438
429 4457 514 4528 Opius
533 4458 543 4524 ΙΙ
562 4464 610 4510 441
631 4455 698 4510 Cum
718 4457 728 4525 ΙΙ
746 4464 795 4510 444
801 4459 840 4526 'in
858 4460 1016 4514 cohibescit.
