2946 5188
200 417 327 506 ‘28
835 437 851 506 1

278 611 323 673 nil
339 612 372 674 iu
388 610 528 674 concilio
545 617 695 673 naturam
710 616 747 672 ut
761 617 866 674 mutet
882 633 1009 685 eorum,

278 725 369 790 nulla
383 724 442 788 tibi
458 745 499 788 ex
512 723 575 788 illis
590 724 715 808 poterit
729 745 784 788 res
800 745 873 789 esse
889 733 1016 800 creata,

281 860 349 903 non
364 837 528 911 animans,
541 859 608 902 non
625 838 775 902 exanimo
790 860 865 903 cum
880 859 1039 924 corpore,
1050 848 1088 902 nt
1101 841 1215 906 arbos:

207 969 256 1014 775
280 952 403 1038 quippe
418 972 511 1016 suam
526 953 669 1036 quicque
683 951 716 1014 in
733 961 830 1016 coetu
844 953 1005 1018 variantis
1020 955 1129 1018 acervi

180 1046 183 1052 ¹
278 1073 431 1130 naturam
445 1064 618 1140 ostendet,
629 1066 818 1152 mixtusque
834 1066 1000 1132 videbitur
1015 1073 1071 1130 aer

279 1202 352 1244 cum
365 1189 457 1244 terra
470 1179 566 1244 simul
580 1187 681 1265 atque
695 1180 797 1245 ardor
812 1201 885 1244 cum
900 1202 977 1244 rore
991 1201 1139 1245 manere.

279 1302 313 1357 at
326 1294 508 1378 primordia
521 1292 700 1380 g'gnundis
715 1295 748 1358 in
763 1296 854 1359 rebu'
864 1303 1035 1358 necessest

276 1417 428 1472 naturam
444 1385 684 1472 clandestinam
698 1429 896 1493 caecamque
911 1407 1086 1486 adhiber03
1186 1389 1193 1404 ”

205 1539 254 1584 780
278 1522 420 1584 emineat
433 1519 575 1605 nequid,
588 1519 680 1605 quod
696 1529 814 1585 contra
827 1529 955 1607 pugnet
969 1531 1003 1586 et
1016 1524 1130 1587 obstet

278 1637 466 1721 quominus
482 1655 556 1698 esse
571 1643 672 1718 queat
686 1636 821 1720 proprie
836 1635 1084 1722 quodcumque
1099 1647 1248 1702 creatur.

319 1747 406 1829 Quin
421 1749 515 1812 ctiam
530 1756 690 1833 repetunt
703 1770 724 1812 a
738 1750 829 1814 caelo
845 1761 946 1835 atque
960 1752 1092 1836 ignibus
1108 1753 1193 1826 eius,

277 1871 311 1926 et
325 1863 465 1949 primmn
479 1863 606 1928 faciunt
618 1863 725 1948 iguem
742 1885 778 1928 se
793 1873 924 1928 vertere
939 1866 972 1927 in
987 1887 1085 1930 auras

277 1977 378 2051 aeris,
390 1976 468 2039 hinc
482 1976 618 2040 imbrem
632 1978 737 2062 gigni,
750 1985 938 2063 terramque
954 1981 1060 2044 creari

204 2109 252 2154 785
275 2112 316 2154 ex
330 2090 443 2166 imbri,
454 2098 612 2174 retroque
628 2111 648 2153 a
663 2100 753 2154 terra
768 2101 888 2156 cuncta
902 2094 1038 2167 reverti,

275 2225 423 2269 umorem
438 2204 594 2290 primurn,
607 2213 686 2292 post
700 2212 777 2270 aera
787 2255 794 2280 ‚
806 2205 927 2269 deinde
942 2208 1098 2282 calorem,

275 2341 336 2383 nec
352 2340 484 2383 cessare
498 2318 581 2382 haec
595 2320 682 2383 inter
697 2341 732 2383 se
747 2328 892 2396 mutare,
905 2342 1014 2385 meare

275 2456 295 2497 a
309 2433 401 2496 caelo
417 2432 460 2496 ad
474 2441 613 2508 terram,
626 2432 668 2496 de
684 2442 773 2498 terra
788 2434 831 2498 ad
846 2435 957 2498 sidera
971 2435 1096 2500 mundi.

275 2544 367 2630 quod
382 2545 492 2608 facere
505 2545 597 2608 haud
612 2543 679 2610 ullo
696 2545 821 2610 debent
836 2547 1016 2631 primordie
1028 2559 1143 2634 pacto.

202 2677 252 2723 790
274 2658 475 2723 immutabile
491 2659 575 2720 enim
591 2657 749 2742 quiddam
765 2681 923 2743 superare
937 2675 1123 2738 necessest,

273 2795 316 2836 ne
330 2793 385 2835 res
400 2771 444 2835 ad
458 2769 559 2835 nilum
574 2771 767 2856 redigantur
782 2773 932 2838 funditus
948 2797 1076 2840 omnes:

273 2909 349 2950 nam
365 2885 457 2970 quod
472 2907 612 2971 cumque
627 2887 696 2950 suis
711 2895 870 2952 mutatum
885 2889 1006 2952 finibus
1022 2891 1104 2964 exit,

273 3001 431 3065 continno
446 3000 512 3064 hoc
526 3023 615 3066 mors
631 3011 683 3066 est
697 3002 782 3066 illius
798 3002 890 3086 quod
904 3003 967 3067 fuit
981 3012 1071 3066 ante.

274 3137 341 3201 qua
355 3125 494 3203 propter
509 3117 664 3200 quoniam
680 3139 765 3201 quae
778 3101 879 3204 paulo
895 3116 1037 3182 diximus
1052 3127 1129 3182 ante
1178 3173 1181 3180 .

200 3247 249 3292 795
271 3231 304 3293 in
321 3237 555 3293 commutatum
570 3232 724 3306 veniunt,
737 3239 891 3294 constare
906 3239 1078 3296 necessest

272 3365 314 3406 ex
328 3343 399 3408 aliis
415 3364 470 3418 ea,
482 3364 567 3427 quac
582 3352 750 3426 nequeant
765 3345 953 3408 convertier
968 3367 1123 3430 usquam,

270 3478 312 3519 ne
326 3457 385 3520 tibi
400 3478 454 3520 res
469 3456 609 3519 redeant
624 3454 668 3518 ad
682 3455 782 3519 nilum
796 3456 1089 3524 funditus-omnes*

271 3571 351 3655 quin
365 3571 478 3656 potius
492 3570 547 3632 tali
564 3577 682 3633 natura
696 3569 848 3653 praedita
864 3571 1027 3656 quaedam

272 3705 415 3768 corpora
429 3684 616 3756 constituas
626 3732 633 3758 ‚
644 3684 752 3768 ignem
768 3684 795 3746 si
810 3683 896 3750 forte
913 3687 1069 3761 crearint‚

198 3816 248 3861 800
271 3819 372 3884 posse
388 3795 502 3860 eadem
513 3847 520 3872 ‚
533 3797 676 3883 demptis
691 3799 806 3882 paucis
821 3801 1003 3885 paucisque
1019 3800 1165 3871 tributis,

270 3911 387 3975 ordine
402 3920 528 3976 mutato
546 3921 579 3975 et
594 3920 683 3975 motu
694 3961 701 3986 ‚
713 3911 823 3975 facere
838 3915 923 3978 aeris
938 3935 1050 3980 auras.

271 4113 468 4120 ...ιη-...ηρ-

270 4229 365 4277 772.et
389 4225 399 4290 tl
423 4227 589 4278 774ani1nas
615 4225 625 4292 ΙΙ
649 4233 696 4278 775
717 4228 826 4296 quisque
845 4228 870 4278 iu
890 4234 993 4278 coctum
1021 4227 1031 4294 ss
1059 4233 1107 4279 776
1127 4229 1244 4284 ostendit
1267 4233 1277 4298 tl
1303 4235 1348 4284 777
1366 4233 1388 4274 et

268 4306 382 4376 quodum
400 4323 459 4360 oum
479 4308 488 4375 ΙΙ
506 4324 623 4360 manere.
651 4309 661 4375 {t
689 4315 737 4362 778
757 4316 877 4379 oportet.
908 4311 917 4373 Η
945 4314 993 4361 779
1011 4309 1203 4378 glandestiuaur
1232 4315 1242 4380 ΙΙ
1273 4321 1321 4367 780
1338 4311 1387 4364 ne-

269 4391 365 4442 ruiuret
383 4389 393 4458 ii
412 4396 458 4441 781
481 4399 596 4443 creatas.
615 4390 624 4458 Η
645 4397 692 4442 784
712 4393 798 4462 iguem
818 4393 828 4460 tt
847 4398 895 4443 785
916 4393 968 4460 igni
987 4393 997 4460 Η
1017 4393 1042 4445 in
1061 4403 1158 4448 terrum
1177 4395 1186 4462 ΙΙ
1207 4402 1256 4448 788
1275 4397 1358 4450 facto.
