<?xml version="1.0" encoding="UTF-8"?>
<!DOCTYPE html PUBLIC "-//W3C//DTD XHTML 1.0 Transitional//EN"
    "http://www.w3.org/TR/xhtml1/DTD/xhtml1-transitional.dtd">
<html xmlns="http://www.w3.org/1999/xhtml" xml:lang="en" lang="en">
 <head>
  <title>
</title>
<meta http-equiv="Content-Type" content="text/html;charset=utf-8" />
  <meta name='ocr-system' content='tesseract 3.04.00' />
  <meta name='ocr-capabilities' content='ocr_page ocr_carea ocr_par ocr_line ocrx_word'/>
</head>
<body>
  <div class='ocr_page' id='page_1' title='image "./intlucretiicari00lachgoog_0333.png"; bbox 0 0 3034 5198; ppageno 0'>
   <div class='ocr_carea' id='block_1_1' title="bbox 290 484 861 553">
    <p class='ocr_par' dir='ltr' id='par_1_1' title="bbox 290 484 861 553">
     <span class='ocr_line' id='line_1_1' title="bbox 290 484 861 553; baseline 0 -1"><span class='ocrx_word' id='word_1_1' title='bbox 290 485 335 552; x_wconf 80' lang='lat'>76</span> <span class='ocrx_word' id='word_1_2' title='bbox 829 484 861 553; x_wconf 94' lang='lat' dir='ltr'>II</span> 
     </span>
    </p>
   </div>
   <div class='ocr_carea' id='block_1_2' title="bbox 259 657 1429 4573">
    <p class='ocr_par' dir='ltr' id='par_1_2' title="bbox 259 657 1429 4573">
     <span class='ocr_line' id='line_1_2' title="bbox 288 657 1399 745; baseline 0.004 -23"><span class='ocrx_word' id='word_1_3' title='bbox 288 666 388 722; x_wconf 87' lang='lat' dir='ltr'>vecta</span> <span class='ocrx_word' id='word_1_4' title='bbox 401 657 531 722; x_wconf 90' lang='lat' dir='ltr'>iudico.</span> <span class='ocrx_word' id='word_1_5' title='bbox 542 657 610 723; x_wconf 92' lang='lat' dir='ltr'>hoc</span> <span class='ocrx_word' id='word_1_6' title='bbox 625 677 665 721; x_wconf 88' lang='lat' dir='ltr'>ea</span> <span class='ocrx_word' id='word_1_7' title='bbox 678 657 754 742; x_wconf 88' lang='lat' dir='ltr'>ipsa</span> <span class='ocrx_word' id='word_1_8' title='bbox 765 678 853 744; x_wconf 84' lang='lat' dir='ltr'>quae</span> <span class='ocrx_word' id='word_1_9' title='bbox 864 657 1011 744; x_wconf 85' lang='lat' dir='ltr'>aliquam</span> <span class='ocrx_word' id='word_1_10' title='bbox 1022 659 1168 743; x_wconf 89' lang='lat' dir='ltr'>speciem</span> <span class='ocrx_word' id='word_1_11' title='bbox 1177 658 1306 726; x_wconf 87' lang='lat' dir='ltr'>habent</span> <span class='ocrx_word' id='word_1_12' title='bbox 1316 681 1399 745; x_wconf 86' lang='lat' dir='ltr'>peu-</span> 
     </span>
     <span class='ocr_line' id='line_1_3' title="bbox 289 753 1399 841; baseline 0.001 -19"><span class='ocrx_word' id='word_1_13' title='bbox 289 758 391 822; x_wconf 88' lang='lat' dir='ltr'>citate</span> <span class='ocrx_word' id='word_1_14' title='bbox 406 777 469 821; x_wconf 87' lang='lat' dir='ltr'>sua</span> <span class='ocrx_word' id='word_1_15' title='bbox 482 753 691 841; x_wconf 70' lang='lat' dir='ltr'><strong>persuadent</strong></span> <span class='ocrx_word' id='word_1_16' title='bbox 708 803 716 818; x_wconf 88' lang='lat'><strong>.</strong></span> <span class='ocrx_word' id='word_1_17' title='bbox 735 777 822 819; x_wconf 87' lang='lat' dir='ltr'>unus</span> <span class='ocrx_word' id='word_1_18' title='bbox 838 763 891 820; x_wconf 88' lang='lat' dir='ltr'>est</span> <span class='ocrx_word' id='word_1_19' title='bbox 910 755 1011 820; x_wconf 90' lang='lat' dir='ltr'>huius</span> <span class='ocrx_word' id='word_1_20' title='bbox 1031 755 1123 821; x_wconf 91' lang='lat' dir='ltr'>modi</span> <span class='ocrx_word' id='word_1_21' title='bbox 1141 777 1262 822; x_wconf 86' lang='lat' dir='ltr'>versus</span> <span class='ocrx_word' id='word_1_22' title='bbox 1282 757 1399 831; x_wconf 85' lang='lat' dir='ltr'>Ennii,</span> 
     </span>
     <span class='ocr_line' id='line_1_4' title="bbox 290 854 1401 943; baseline 0.002 -23"><span class='ocrx_word' id='word_1_23' title='bbox 290 877 389 943; x_wconf 91' lang='lat' dir='ltr'>quem</span> <span class='ocrx_word' id='word_1_24' title='bbox 408 855 552 941; x_wconf 92' lang='lat' dir='ltr'>protulit</span> <span class='ocrx_word' id='word_1_25' title='bbox 565 855 699 920; x_wconf 90' lang='lat' dir='ltr'>Probus</span> <span class='ocrx_word' id='word_1_26' title='bbox 720 854 764 919; x_wconf 85' lang='lat' dir='ltr'>ad</span> <span class='ocrx_word' id='word_1_27' title='bbox 779 854 921 943; x_wconf 81' lang='lat' dir='ltr'>Vergilii</span> <span class='ocrx_word' id='word_1_28' title='bbox 943 855 1094 943; x_wconf 80' lang='lat' dir='ltr'>eclogam</span> <span class='ocrx_word' id='word_1_29' title='bbox 1115 877 1151 918; x_wconf 84' lang='lat' dir='ltr'>vr</span> <span class='ocrx_word' id='word_1_30' title='bbox 1166 878 1198 940; x_wconf 90' lang='lat' dir='ltr'>p.</span> <span class='ocrx_word' id='word_1_31' title='bbox 1210 855 1257 930; x_wconf 87' lang='grc'>19,</span> <span class='ocrx_word' id='word_1_32' title='bbox 1269 856 1305 920; x_wconf 94' lang='lat' dir='ltr'>ll</span> <span class='ocrx_word' id='word_1_33' title='bbox 1326 902 1334 932; x_wconf 91' lang='lat'>‚</span> <span class='ocrx_word' id='word_1_34' title='bbox 1358 857 1401 922; x_wconf 80' lang='lat' dir='ltr'>Et</span> 
     </span>
     <span class='ocr_line' id='line_1_5' title="bbox 289 953 1399 1042; baseline 0 -24"><span class='ocrx_word' id='word_1_35' title='bbox 289 955 388 1018; x_wconf 77' lang='lat' dir='ltr'>densis</span> <span class='ocrx_word' id='word_1_36' title='bbox 402 956 509 1042; x_wconf 80' lang='lat' dir='ltr'>aquila</span> <span class='ocrx_word' id='word_1_37' title='bbox 517 955 624 1040; x_wconf 67' lang='lat' dir='ltr'>pinca</span> <span class='ocrx_word' id='word_1_38' title='bbox 638 953 750 1018; x_wconf 70' lang='lat' dir='ltr'>ahaim</span> <span class='ocrx_word' id='word_1_39' title='bbox 762 955 885 1019; x_wconf 72' lang='lat' dir='ltr'>vehebat</span> <span class='ocrx_word' id='word_1_40' title='bbox 900 956 1011 1020; x_wconf 79' lang='lat' dir='ltr'>Vento:</span> <span class='ocrx_word' id='word_1_41' title='bbox 1022 954 1091 1018; x_wconf 92' lang='lat' dir='ltr'>duo</span> <span class='ocrx_word' id='word_1_42' title='bbox 1105 963 1186 1018; x_wconf 88' lang='lat' dir='ltr'>sunt</span> <span class='ocrx_word' id='word_1_43' title='bbox 1197 953 1399 1040; x_wconf 77' lang='lat' dir='ltr'>Vergiliani,</span> 
     </span>
     <span class='ocr_line' id='line_1_6' title="bbox 289 1051 1399 1138; baseline 0 -22"><span class='ocrx_word' id='word_1_44' title='bbox 289 1072 431 1137; x_wconf 89' lang='lat' dir='ltr'>quorum</span> <span class='ocrx_word' id='word_1_45' title='bbox 453 1051 595 1116; x_wconf 83' lang='lat' dir='ltr'>alterum</span> <span class='ocrx_word' id='word_1_46' title='bbox 616 1059 779 1117; x_wconf 85' lang='lat' dir='ltr'>notarunt</span> <span class='ocrx_word' id='word_1_47' title='bbox 799 1053 1025 1138; x_wconf 87' lang='lat' dir='ltr'>grammatici,</span> <span class='ocrx_word' id='word_1_48' title='bbox 1040 1059 1079 1116; x_wconf 93' lang='lat' dir='ltr'>ut</span> <span class='ocrx_word' id='word_1_49' title='bbox 1100 1051 1238 1138; x_wconf 69' lang='lat' dir='ltr'>Sergius</span> <span class='ocrx_word' id='word_1_50' title='bbox 1259 1075 1293 1137; x_wconf 92' lang='lat' dir='ltr'>p.</span> <span class='ocrx_word' id='word_1_51' title='bbox 1305 1051 1399 1126; x_wconf 85' lang='lat'>1830,</span> 
     </span>
     <span class='ocr_line' id='line_1_7' title="bbox 288 1150 1398 1238; baseline 0 -24"><span class='ocrx_word' id='word_1_52' title='bbox 288 1150 382 1214; x_wconf 81' lang='lat' dir='ltr'>Dona</span> <span class='ocrx_word' id='word_1_53' title='bbox 395 1151 503 1215; x_wconf 73' lang='lat' dir='ltr'>delim</span> <span class='ocrx_word' id='word_1_54' title='bbox 517 1173 594 1215; x_wconf 84' lang='lat' dir='ltr'>aare</span> <span class='ocrx_word' id='word_1_55' title='bbox 605 1153 717 1236; x_wconf 77' lang='lat' dir='ltr'>yraoia</span> <span class='ocrx_word' id='word_1_56' title='bbox 730 1153 866 1238; x_wconf 75' lang='lat' dir='ltr'>sectoque</span> <span class='ocrx_word' id='word_1_57' title='bbox 886 1151 1043 1237; x_wconf 61' lang='lat' dir='ltr'>raptam</span> <span class='ocrx_word' id='word_1_58' title='bbox 1053 1198 1063 1231; x_wconf 89' lang='lat'>,</span> <span class='ocrx_word' id='word_1_59' title='bbox 1075 1151 1112 1214; x_wconf 91' lang='lat' dir='ltr'>in</span> <span class='ocrx_word' id='word_1_60' title='bbox 1133 1151 1241 1215; x_wconf 88' lang='lat' dir='ltr'>altero</span> <span class='ocrx_word' id='word_1_61' title='bbox 1261 1171 1304 1215; x_wconf 89' lang='lat' dir='ltr'>ne</span> <span class='ocrx_word' id='word_1_62' title='bbox 1319 1150 1398 1215; x_wconf 88' lang='lat' dir='ltr'>Ser-</span> 
     </span>
     <span class='ocr_line' id='line_1_8' title="bbox 284 1246 1398 1333; baseline 0.003 -22"><span class='ocrx_word' id='word_1_63' title='bbox 284 1248 361 1312; x_wconf 86' lang='lat' dir='ltr'>&#39;vius</span> <span class='ocrx_word' id='word_1_64' title='bbox 377 1246 511 1333; x_wconf 90' lang='lat' dir='ltr'>quidem</span> <span class='ocrx_word' id='word_1_65' title='bbox 526 1249 624 1312; x_wconf 90' lang='lat' dir='ltr'>metri</span> <span class='ocrx_word' id='word_1_66' title='bbox 636 1249 840 1314; x_wconf 79' lang='lat' dir='ltr'>mentionem</span> <span class='ocrx_word' id='word_1_67' title='bbox 853 1248 954 1326; x_wconf 84' lang='lat' dir='ltr'>fecit,</span> <span class='ocrx_word' id='word_1_68' title='bbox 969 1249 1085 1314; x_wconf 75' lang='lat' dir='ltr'>Sancta</span> <span class='ocrx_word' id='word_1_69' title='bbox 1105 1251 1148 1314; x_wconf 88' lang='lat' dir='ltr'>ad</span> <span class='ocrx_word' id='word_1_70' title='bbox 1165 1272 1216 1313; x_wconf 80' lang='lat' dir='ltr'>cos</span> <span class='ocrx_word' id='word_1_71' title='bbox 1232 1251 1340 1314; x_wconf 66' lang='lat' dir='ltr'>anatra</span> <span class='ocrx_word' id='word_1_72' title='bbox 1353 1262 1398 1314; x_wconf 78' lang='lat' dir='ltr'>u!-</span> 
     </span>
     <span class='ocr_line' id='line_1_9' title="bbox 287 1346 1398 1433; baseline 0.002 -24"><span class='ocrx_word' id='word_1_73' title='bbox 287 1368 345 1432; x_wconf 84' lang='lat' dir='ltr'>qae</span> <span class='ocrx_word' id='word_1_74' title='bbox 358 1348 445 1410; x_wconf 73' lang='grc' dir='ltr'>ίιίίιιε</span> <span class='ocrx_word' id='word_1_75' title='bbox 456 1347 555 1410; x_wconf 80' lang='lat' dir='ltr'>inscia</span> <span class='ocrx_word' id='word_1_76' title='bbox 569 1347 695 1432; x_wconf 63' lang='lat' dir='ltr'>rubeae.</span> <span class='ocrx_word' id='word_1_77' title='bbox 711 1346 778 1412; x_wconf 87' lang='lat' dir='ltr'>hos</span> <span class='ocrx_word' id='word_1_78' title='bbox 791 1349 895 1433; x_wconf 81' lang='lat' dir='ltr'>igitur</span> <span class='ocrx_word' id='word_1_79' title='bbox 909 1349 992 1413; x_wconf 88' lang='lat' dir='ltr'>satis</span> <span class='ocrx_word' id='word_1_80' title='bbox 1006 1346 1227 1432; x_wconf 76' lang='lat' dir='ltr'>probabiliter</span> <span class='ocrx_word' id='word_1_81' title='bbox 1242 1347 1291 1411; x_wconf 89' lang='lat' dir='ltr'>ita</span> <span class='ocrx_word' id='word_1_82' title='bbox 1300 1349 1398 1411; x_wconf 90' lang='lat' dir='ltr'>resti·</span> 
     </span>
     <span class='ocr_line' id='line_1_10' title="bbox 286 1443 1397 1532; baseline 0.003 -25"><span class='ocrx_word' id='word_1_83' title='bbox 286 1444 336 1507; x_wconf 88' lang='lat' dir='ltr'>tui</span> <span class='ocrx_word' id='word_1_84' title='bbox 357 1463 460 1528; x_wconf 90' lang='lat' dir='ltr'>posse</span> <span class='ocrx_word' id='word_1_85' title='bbox 482 1443 636 1508; x_wconf 85' lang='lat' dir='ltr'>existimo</span> <span class='ocrx_word' id='word_1_86' title='bbox 649 1493 656 1520; x_wconf 93' lang='lat'>,</span> <span class='ocrx_word' id='word_1_87' title='bbox 670 1452 710 1507; x_wconf 92' lang='lat' dir='ltr'>ut</span> <span class='ocrx_word' id='word_1_88' title='bbox 731 1446 899 1512; x_wconf 80' lang='lat' dir='ltr'>scribatur</span> <span class='ocrx_word' id='word_1_89' title='bbox 921 1447 1028 1532; x_wconf 79' lang='lat' dir='ltr'>aquila</span> <span class='ocrx_word' id='word_1_90' title='bbox 1045 1445 1138 1524; x_wconf 60' lang='grc' dir='ltr'>Ἰήιε,</span> <span class='ocrx_word' id='word_1_91' title='bbox 1153 1470 1173 1510; x_wconf 84' lang='grc' dir='ltr'>ιι</span> <span class='ocrx_word' id='word_1_92' title='bbox 1186 1456 1322 1532; x_wconf 71' lang='lat' dir='ltr'>serapte</span> <span class='ocrx_word' id='word_1_93' title='bbox 1339 1446 1397 1510; x_wconf 85' lang='lat' dir='ltr'>ele·</span> 
     </span>
     <span class='ocr_line' id='line_1_11' title="bbox 282 1541 1398 1630; baseline 0.002 -24"><span class='ocrx_word' id='word_1_94' title='bbox 282 1542 420 1627; x_wconf 76' lang='lat' dir='ltr'>planto,</span> <span class='ocrx_word' id='word_1_95' title='bbox 443 1541 559 1606; x_wconf 79' lang='lat' dir='ltr'>Sancta</span> <span class='ocrx_word' id='word_1_96' title='bbox 580 1542 623 1606; x_wconf 82' lang='lat' dir='ltr'>ad</span> <span class='ocrx_word' id='word_1_97' title='bbox 642 1544 818 1606; x_wconf 79' lang='lat' dir='ltr'>vor&#39;anima</span> <span class='ocrx_word' id='word_1_98' title='bbox 839 1553 929 1630; x_wconf 75' lang='lat' dir='ltr'>atque</span> <span class='ocrx_word' id='word_1_99' title='bbox 950 1545 1055 1606; x_wconf 76' lang='lat' dir='ltr'>actaea</span> <span class='ocrx_word' id='word_1_100' title='bbox 1069 1544 1175 1624; x_wconf 66' lang='grc' dir='ltr'>ιζιιίιιες</span> <span class='ocrx_word' id='word_1_101' title='bbox 1190 1563 1278 1628; x_wconf 87' lang='lat' dir='ltr'>quae</span> <span class='ocrx_word' id='word_1_102' title='bbox 1293 1543 1398 1628; x_wconf 89' lang='lat' dir='ltr'>siquis</span> 
     </span>
     <span class='ocr_line' id='line_1_12' title="bbox 284 1639 1396 1727; baseline 0.001 -24"><span class='ocrx_word' id='word_1_103' title='bbox 284 1646 470 1725; x_wconf 87' lang='lat' dir='ltr'>propterea</span> <span class='ocrx_word' id='word_1_104' title='bbox 479 1640 700 1724; x_wconf 78' lang='lat' dir='ltr'>improbabit,</span> <span class='ocrx_word' id='word_1_105' title='bbox 712 1639 805 1726; x_wconf 92' lang='lat' dir='ltr'>quod</span> <span class='ocrx_word' id='word_1_106' title='bbox 820 1641 886 1704; x_wconf 86' lang='lat' dir='ltr'>alia</span> <span class='ocrx_word' id='word_1_107' title='bbox 897 1661 984 1727; x_wconf 88' lang='lat' dir='ltr'>quae</span> <span class='ocrx_word' id='word_1_108' title='bbox 997 1640 1264 1706; x_wconf 78' lang='lat' dir='ltr'>emendationem</span> <span class='ocrx_word' id='word_1_109' title='bbox 1274 1640 1396 1705; x_wconf 86' lang='lat' dir='ltr'>suade·</span> 
     </span>
     <span class='ocr_line' id='line_1_13' title="bbox 286 1738 1396 1824; baseline 0.002 -22"><span class='ocrx_word' id='word_1_110' title='bbox 286 1745 346 1802; x_wconf 89' lang='lat' dir='ltr'>ant</span> <span class='ocrx_word' id='word_1_111' title='bbox 360 1743 557 1823; x_wconf 84' lang='lat' dir='ltr'>argumenta</span> <span class='ocrx_word' id='word_1_112' title='bbox 569 1746 707 1820; x_wconf 86' lang='lat' dir='ltr'>praeter</span> <span class='ocrx_word' id='word_1_113' title='bbox 720 1738 816 1802; x_wconf 90' lang='lat' dir='ltr'>metri</span> <span class='ocrx_word' id='word_1_114' title='bbox 831 1739 1043 1804; x_wconf 79' lang='lat' dir='ltr'>insolentiam</span> <span class='ocrx_word' id='word_1_115' title='bbox 1054 1739 1146 1804; x_wconf 88' lang='lat' dir='ltr'>nulla</span> <span class='ocrx_word' id='word_1_116' title='bbox 1157 1738 1224 1803; x_wconf 90' lang='lat' dir='ltr'>dici</span> <span class='ocrx_word' id='word_1_117' title='bbox 1234 1749 1396 1824; x_wconf 83' lang='lat' dir='ltr'>possunt,</span> 
     </span>
     <span class='ocr_line' id='line_1_14' title="bbox 287 1834 1396 1923; baseline 0 -23"><span class='ocrx_word' id='word_1_118' title='bbox 287 1841 380 1900; x_wconf 88' lang='lat' dir='ltr'>certe</span> <span class='ocrx_word' id='word_1_119' title='bbox 393 1834 451 1898; x_wconf 88' lang='lat' dir='ltr'>illa</span> <span class='ocrx_word' id='word_1_120' title='bbox 464 1834 655 1899; x_wconf 85' lang='lat' dir='ltr'>rarissimae</span> <span class='ocrx_word' id='word_1_121' title='bbox 671 1843 704 1899; x_wconf 86' lang='lat' dir='ltr'>et</span> <span class='ocrx_word' id='word_1_122' title='bbox 717 1837 776 1899; x_wconf 87' lang='lat' dir='ltr'>vix</span> <span class='ocrx_word' id='word_1_123' title='bbox 790 1835 989 1921; x_wconf 87' lang='lat' dir='ltr'>probandae</span> <span class='ocrx_word' id='word_1_124' title='bbox 1004 1837 1158 1922; x_wconf 81' lang='lat' dir='ltr'>exempla</span> <span class='ocrx_word' id='word_1_125' title='bbox 1179 1857 1254 1902; x_wconf 88' lang='lat' dir='ltr'>esse</span> <span class='ocrx_word' id='word_1_126' title='bbox 1274 1857 1396 1923; x_wconf 85' lang='lat' dir='ltr'>agnos-</span> 
     </span>
     <span class='ocr_line' id='line_1_15' title="bbox 287 1932 1395 2017; baseline 0.003 -20"><span class='ocrx_word' id='word_1_127' title='bbox 287 1941 343 1998; x_wconf 90' lang='lat' dir='ltr'>cet</span> <span class='ocrx_word' id='word_1_128' title='bbox 361 1932 542 2009; x_wconf 83' lang='lat' dir='ltr'>audaciae,</span> <span class='ocrx_word' id='word_1_129' title='bbox 558 1953 657 2017; x_wconf 88' lang='lat' dir='ltr'>quam</span> <span class='ocrx_word' id='word_1_130' title='bbox 679 1955 748 1996; x_wconf 90' lang='lat' dir='ltr'>non</span> <span class='ocrx_word' id='word_1_131' title='bbox 766 1932 928 2000; x_wconf 80' lang='lat' dir='ltr'>credibile</span> <span class='ocrx_word' id='word_1_132' title='bbox 950 1935 994 1999; x_wconf 89' lang='lat' dir='ltr'>sit</span> <span class='ocrx_word' id='word_1_133' title='bbox 1014 1934 1105 2000; x_wconf 89' lang='lat' dir='ltr'>ultra</span> <span class='ocrx_word' id='word_1_134' title='bbox 1118 1935 1281 2000; x_wconf 87' lang='lat' dir='ltr'>tribrevia</span> <span class='ocrx_word' id='word_1_135' title='bbox 1294 1957 1395 2000; x_wconf 86' lang='lat' dir='ltr'>voca-</span> 
     </span>
     <span class='ocr_line' id='line_1_16' title="bbox 286 2027 1395 2118; baseline 0.003 -23"><span class='ocrx_word' id='word_1_136' title='bbox 286 2027 365 2095; x_wconf 84' lang='lat' dir='ltr'>bula</span> <span class='ocrx_word' id='word_1_137' title='bbox 378 2052 534 2117; x_wconf 89' lang='lat' dir='ltr'>umquam</span> <span class='ocrx_word' id='word_1_138' title='bbox 549 2033 759 2116; x_wconf 83' lang='lat' dir='ltr'>processisse</span> <span class='ocrx_word' id='word_1_139' title='bbox 775 2081 782 2096; x_wconf 92' lang='lat'><strong>.</strong></span> <span class='ocrx_word' id='word_1_140' title='bbox 802 2053 879 2096; x_wconf 89' lang='lat' dir='ltr'>nam</span> <span class='ocrx_word' id='word_1_141' title='bbox 892 2031 1028 2098; x_wconf 84' lang='lat' dir='ltr'>Horatii</span> <span class='ocrx_word' id='word_1_142' title='bbox 1049 2033 1213 2098; x_wconf 89' lang='lat' dir='ltr'>editorum</span> <span class='ocrx_word' id='word_1_143' title='bbox 1233 2033 1395 2118; x_wconf 86' lang='lat' dir='ltr'>supersti-</span> 
     </span>
     <span class='ocr_line' id='line_1_17' title="bbox 285 2127 1394 2216; baseline 0.005 -24"><span class='ocrx_word' id='word_1_144' title='bbox 285 2127 410 2193; x_wconf 84' lang='lat' dir='ltr'>tionem</span> <span class='ocrx_word' id='word_1_145' title='bbox 424 2149 522 2193; x_wconf 91' lang='lat' dir='ltr'>nemo</span> <span class='ocrx_word' id='word_1_146' title='bbox 536 2129 713 2214; x_wconf 89' lang='lat' dir='ltr'>probabit,</span> <span class='ocrx_word' id='word_1_147' title='bbox 725 2151 844 2215; x_wconf 88' lang='lat' dir='ltr'>spero,</span> <span class='ocrx_word' id='word_1_148' title='bbox 856 2131 912 2216; x_wconf 91' lang='lat' dir='ltr'>qui</span> <span class='ocrx_word' id='word_1_149' title='bbox 927 2131 1077 2196; x_wconf 88' lang='lat' dir='ltr'>nondum</span> <span class='ocrx_word' id='word_1_150' title='bbox 1092 2131 1165 2196; x_wconf 91' lang='lat' dir='ltr'>ausi</span> <span class='ocrx_word' id='word_1_151' title='bbox 1179 2132 1247 2196; x_wconf 87' lang='lat' dir='ltr'>sint</span> <span class='ocrx_word' id='word_1_152' title='bbox 1260 2133 1295 2196; x_wconf 87' lang='lat' dir='ltr'>in</span> <span class='ocrx_word' id='word_1_153' title='bbox 1310 2133 1394 2198; x_wconf 89' lang='lat' dir='ltr'>libro</span> 
     </span>
     <span class='ocr_line' id='line_1_18' title="bbox 286 2227 1394 2309; baseline 0.003 -18"><span class='ocrx_word' id='word_1_154' title='bbox 286 2251 298 2291; x_wconf 89' lang='lat'>1</span> <span class='ocrx_word' id='word_1_155' title='bbox 311 2247 501 2292; x_wconf 86' lang='lat' dir='ltr'>sermonum</span> <span class='ocrx_word' id='word_1_156' title='bbox 511 2227 569 2303; x_wconf 79' lang='lat'>3‚7</span> <span class='ocrx_word' id='word_1_157' title='bbox 580 2227 731 2292; x_wconf 92' lang='lat' dir='ltr'>scribere</span> <span class='ocrx_word' id='word_1_158' title='bbox 744 2231 775 2294; x_wconf 82' lang='lat' dir='ltr'>io</span> <span class='ocrx_word' id='word_1_159' title='bbox 789 2229 921 2294; x_wconf 78' lang='lat' dir='ltr'>baealoe</span> <span class='ocrx_word' id='word_1_160' title='bbox 929 2277 938 2309; x_wconf 93' lang='lat'>,</span> <span class='ocrx_word' id='word_1_161' title='bbox 950 2235 1173 2293; x_wconf 90' lang='lat' dir='ltr'>monstratum</span> <span class='ocrx_word' id='word_1_162' title='bbox 1187 2229 1266 2292; x_wconf 92' lang='lat' dir='ltr'>olim</span> <span class='ocrx_word' id='word_1_163' title='bbox 1276 2249 1297 2293; x_wconf 84' lang='lat' dir='ltr'>a</span> <span class='ocrx_word' id='word_1_164' title='bbox 1308 2228 1394 2294; x_wconf 89' lang='lat' dir='ltr'>Tur-</span> 
     </span>
     <span class='ocr_line' id='line_1_19' title="bbox 285 2325 1394 2414; baseline 0.002 -24"><span class='ocrx_word' id='word_1_165' title='bbox 285 2327 374 2390; x_wconf 91' lang='lat' dir='ltr'>nebo</span> <span class='ocrx_word' id='word_1_166' title='bbox 388 2327 423 2390; x_wconf 90' lang='lat' dir='ltr'>iu</span> <span class='ocrx_word' id='word_1_167' title='bbox 438 2325 643 2390; x_wconf 83' lang='lat' dir='ltr'>adversariis</span> <span class='ocrx_word' id='word_1_168' title='bbox 657 2328 776 2404; x_wconf 84' lang='lat' dir='ltr'>xr11‚l;</span> <span class='ocrx_word' id='word_1_169' title='bbox 791 2328 862 2392; x_wconf 79' lang='lat' dir='ltr'>sive</span> <span class='ocrx_word' id='word_1_170' title='bbox 877 2333 980 2412; x_wconf 70' lang='lat' dir='ltr'>poeto</span> <span class='ocrx_word' id='word_1_171' title='bbox 993 2327 1142 2392; x_wconf 86' lang='lat' dir='ltr'>bacchas</span> <span class='ocrx_word' id='word_1_172' title='bbox 1157 2327 1303 2392; x_wconf 78' lang='lat' dir='ltr'>carnnne</span> <span class='ocrx_word' id='word_1_173' title='bbox 1318 2349 1394 2414; x_wconf 90' lang='lat' dir='ltr'>per·</span> 
     </span>
     <span class='ocr_line' id='line_1_20' title="bbox 284 2425 1394 2512; baseline 0.004 -24"><span class='ocrx_word' id='word_1_174' title='bbox 284 2434 389 2510; x_wconf 90' lang='lat' dir='ltr'>petuo</span> <span class='ocrx_word' id='word_1_175' title='bbox 404 2426 511 2488; x_wconf 77' lang='lat' dir='ltr'>eitatm</span> <span class='ocrx_word' id='word_1_176' title='bbox 525 2432 560 2488; x_wconf 93' lang='grc' dir='ltr'>ει</span> <span class='ocrx_word' id='word_1_177' title='bbox 575 2425 794 2510; x_wconf 77' lang='lat' dir='ltr'>compellabas</span> <span class='ocrx_word' id='word_1_178' title='bbox 809 2425 893 2491; x_wconf 90' lang='lat' dir='ltr'>dicit</span> <span class='ocrx_word' id='word_1_179' title='bbox 907 2447 947 2490; x_wconf 94' lang='lat' dir='ltr'>eo</span> <span class='ocrx_word' id='word_1_180' title='bbox 959 2425 1061 2490; x_wconf 94' lang='lat' dir='ltr'>modo</span> <span class='ocrx_word' id='word_1_181' title='bbox 1074 2446 1141 2512; x_wconf 90' lang='lat' dir='ltr'>quo</span> <span class='ocrx_word' id='word_1_182' title='bbox 1153 2425 1198 2490; x_wconf 91' lang='lat' dir='ltr'>M.</span> <span class='ocrx_word' id='word_1_183' title='bbox 1209 2425 1340 2492; x_wconf 89' lang='lat' dir='ltr'>Tullius</span> <span class='ocrx_word' id='word_1_184' title='bbox 1351 2426 1394 2492; x_wconf 89' lang='lat' dir='ltr'>de</span> 
     </span>
     <span class='ocr_line' id='line_1_21' title="bbox 285 2521 1393 2609; baseline 0.004 -23"><span class='ocrx_word' id='word_1_185' title='bbox 285 2521 407 2588; x_wconf 88' lang='lat' dir='ltr'>finibus</span> <span class='ocrx_word' id='word_1_186' title='bbox 420 2523 506 2586; x_wconf 89' lang='lat' dir='ltr'>libro</span> <span class='ocrx_word' id='word_1_187' title='bbox 523 2545 558 2597; x_wconf 87' lang='lat'>11,</span> <span class='ocrx_word' id='word_1_188' title='bbox 569 2522 608 2585; x_wconf 87' lang='grc'>18</span> <span class='ocrx_word' id='word_1_189' title='bbox 627 2523 762 2587; x_wconf 74' lang='lat' dir='ltr'>Graecos</span> <span class='ocrx_word' id='word_1_190' title='bbox 775 2535 940 2609; x_wconf 77' lang='lat' dir='ltr'>anapaesto</span> <span class='ocrx_word' id='word_1_191' title='bbox 961 2526 1087 2604; x_wconf 77' lang='grc' dir='ltr'>ειίαιοε,</span> <span class='ocrx_word' id='word_1_192' title='bbox 1105 2525 1176 2588; x_wconf 88' lang='lat' dir='ltr'>sive</span> <span class='ocrx_word' id='word_1_193' title='bbox 1196 2525 1307 2608; x_wconf 89' lang='lat' dir='ltr'>ipsum</span> <span class='ocrx_word' id='word_1_194' title='bbox 1322 2547 1393 2590; x_wconf 86' lang='lat' dir='ltr'>car·</span> 
     </span>
     <span class='ocr_line' id='line_1_22' title="bbox 286 2618 1394 2710; baseline 0.005 -28"><span class='ocrx_word' id='word_1_195' title='bbox 286 2640 361 2683; x_wconf 89' lang='lat' dir='ltr'>men</span> <span class='ocrx_word' id='word_1_196' title='bbox 375 2619 424 2682; x_wconf 88' lang='lat' dir='ltr'>ita</span> <span class='ocrx_word' id='word_1_197' title='bbox 438 2620 570 2699; x_wconf 66' lang='lat' dir='ltr'>amtor,</span> <span class='ocrx_word' id='word_1_198' title='bbox 586 2618 653 2683; x_wconf 94' lang='lat' dir='ltr'>hoc</span> <span class='ocrx_word' id='word_1_199' title='bbox 668 2625 720 2684; x_wconf 89' lang='lat' dir='ltr'>est</span> <span class='ocrx_word' id='word_1_200' title='bbox 735 2620 835 2686; x_wconf 89' lang='lat' dir='ltr'>celeri</span> <span class='ocrx_word' id='word_1_201' title='bbox 849 2621 956 2710; x_wconf 58' lang='grc' dir='ltr'>ἀγωγῷ</span> <span class='ocrx_word' id='word_1_202' title='bbox 971 2623 1145 2710; x_wconf 86' lang='lat' dir='ltr'>peragitur</span> <span class='ocrx_word' id='word_1_203' title='bbox 1160 2671 1170 2702; x_wconf 90' lang='lat'>,</span> <span class='ocrx_word' id='word_1_204' title='bbox 1189 2631 1229 2688; x_wconf 92' lang='lat' dir='ltr'>ut</span> <span class='ocrx_word' id='word_1_205' title='bbox 1243 2621 1394 2688; x_wconf 88' lang='lat' dir='ltr'>Catullus</span> 
     </span>
     <span class='ocr_line' id='line_1_23' title="bbox 285 2715 1393 2805; baseline 0.004 -23"><span class='ocrx_word' id='word_1_206' title='bbox 285 2719 378 2782; x_wconf 70' lang='lat' dir='ltr'>aaa</span> <span class='ocrx_word' id='word_1_207' title='bbox 398 2717 534 2801; x_wconf 66' lang='lat' dir='ltr'>aspendio</span> <span class='ocrx_word' id='word_1_208' title='bbox 554 2715 641 2780; x_wconf 76' lang='lat' dir='ltr'>dixit</span> <span class='ocrx_word' id='word_1_209' title='bbox 655 2715 704 2792; x_wconf 89' lang='lat'>63,</span> <span class='ocrx_word' id='word_1_210' title='bbox 713 2717 821 2798; x_wconf 85' lang='grc' dir='ltr'>26,ιιι</span> <span class='ocrx_word' id='word_1_211' title='bbox 844 2721 936 2782; x_wconf 74' lang='lat' dir='ltr'>citari</span> <span class='ocrx_word' id='word_1_212' title='bbox 949 2743 1103 2805; x_wconf 80' lang='lat' dir='ltr'>paeonem</span> <span class='ocrx_word' id='word_1_213' title='bbox 1120 2719 1238 2784; x_wconf 86' lang='lat' dir='ltr'>Cicero</span> <span class='ocrx_word' id='word_1_214' title='bbox 1260 2721 1303 2786; x_wconf 92' lang='lat' dir='ltr'>de</span> <span class='ocrx_word' id='word_1_215' title='bbox 1318 2744 1393 2786; x_wconf 87' lang='lat' dir='ltr'>ora·</span> 
     </span>
     <span class='ocr_line' id='line_1_24' title="bbox 284 2813 1395 2902; baseline 0.005 -24"><span class='ocrx_word' id='word_1_216' title='bbox 284 2821 360 2878; x_wconf 90' lang='lat' dir='ltr'>tore</span> <span class='ocrx_word' id='word_1_217' title='bbox 375 2837 397 2890; x_wconf 90' lang='lat'>1,</span> <span class='ocrx_word' id='word_1_218' title='bbox 406 2813 464 2878; x_wconf 85' lang='lat'>251</span> <span class='ocrx_word' id='word_1_219' title='bbox 482 2822 517 2878; x_wconf 87' lang='lat' dir='ltr'>et</span> <span class='ocrx_word' id='word_1_220' title='bbox 529 2813 728 2902; x_wconf 71' lang='lat' dir='ltr'>irayptaatea</span> <span class='ocrx_word' id='word_1_221' title='bbox 743 2815 966 2881; x_wconf 87' lang='lat' dir='ltr'>Terentianus</span> <span class='ocrx_word' id='word_1_222' title='bbox 981 2817 1122 2883; x_wconf 84' lang='lat' dir='ltr'>Maurus</span> <span class='ocrx_word' id='word_1_223' title='bbox 1136 2840 1236 2884; x_wconf 87' lang='lat' dir='ltr'>versu</span> <span class='ocrx_word' id='word_1_224' title='bbox 1255 2819 1395 2884; x_wconf 85' lang='grc' dir='ltr'>1845.ἰιι</span> 
     </span>
     <span class='ocr_line' id='line_1_25' title="bbox 284 2911 1393 3003; baseline 0.006 -27"><span class='ocrx_word' id='word_1_225' title='bbox 284 2911 453 2978; x_wconf 87' lang='lat' dir='ltr'>Iuvenalis</span> <span class='ocrx_word' id='word_1_226' title='bbox 468 2912 571 2977; x_wconf 88' lang='lat' dir='ltr'>satira</span> <span class='ocrx_word' id='word_1_227' title='bbox 584 2935 617 2988; x_wconf 80' lang='grc' dir='ltr'>ιι,</span> <span class='ocrx_word' id='word_1_228' title='bbox 626 2913 666 2978; x_wconf 87' lang='lat'>54</span> <span class='ocrx_word' id='word_1_229' title='bbox 680 2913 764 2978; x_wconf 90' lang='lat' dir='ltr'>nihil</span> <span class='ocrx_word' id='word_1_230' title='bbox 778 2913 851 2979; x_wconf 88' lang='lat' dir='ltr'>sani</span> <span class='ocrx_word' id='word_1_231' title='bbox 865 2922 919 2979; x_wconf 89' lang='grc' dir='ltr'>εει</span> <span class='ocrx_word' id='word_1_232' title='bbox 933 2923 992 2980; x_wconf 93' lang='lat' dir='ltr'>aut</span> <span class='ocrx_word' id='word_1_233' title='bbox 1006 2917 1040 2980; x_wconf 89' lang='lat' dir='ltr'>in</span> <span class='ocrx_word' id='word_1_234' title='bbox 1054 2915 1128 2991; x_wconf 74' lang='lat' dir='ltr'>bis,</span> <span class='ocrx_word' id='word_1_235' title='bbox 1149 2917 1236 3003; x_wconf 79' lang='lat' dir='ltr'>Erpa</span> <span class='ocrx_word' id='word_1_236' title='bbox 1248 2941 1393 3003; x_wconf 81' lang='lat' dir='ltr'>superva-</span> 
     </span>
     <span class='ocr_line' id='line_1_26' title="bbox 286 3012 1393 3097; baseline 0.004 -21"><span class='ocrx_word' id='word_1_237' title='bbox 286 3035 345 3076; x_wconf 87' lang='lat' dir='ltr'>caa</span> <span class='ocrx_word' id='word_1_238' title='bbox 360 3021 414 3076; x_wconf 84' lang='lat' dir='ltr'>aut</span> <span class='ocrx_word' id='word_1_239' title='bbox 420 3012 596 3095; x_wconf 63' lang='lat' dir='ltr'>maiora</span> <span class='ocrx_word' id='word_1_240' title='bbox 613 3021 776 3096; x_wconf 78' lang='lat' dir='ltr'>petantur,</span> <span class='ocrx_word' id='word_1_241' title='bbox 792 3012 899 3076; x_wconf 85' lang='lat' dir='ltr'>autin</span> <span class='ocrx_word' id='word_1_242' title='bbox 914 3014 1067 3097; x_wconf 85' lang='lat' dir='ltr'>proximo</span> <span class='ocrx_word' id='word_1_243' title='bbox 1081 3035 1202 3080; x_wconf 80' lang='lat' dir='ltr'>uersu:</span> <span class='ocrx_word' id='word_1_244' title='bbox 1224 3017 1393 3080; x_wconf 84' lang='lat' dir='ltr'>sanabun-</span> 
     </span>
     <span class='ocr_line' id='line_1_27' title="bbox 284 3105 1394 3201; baseline 0.005 -27"><span class='ocrx_word' id='word_1_245' title='bbox 284 3117 340 3174; x_wconf 91' lang='lat' dir='ltr'>tur</span> <span class='ocrx_word' id='word_1_246' title='bbox 363 3105 474 3172; x_wconf 90' lang='lat' dir='ltr'>omnia</span> <span class='ocrx_word' id='word_1_247' title='bbox 494 3109 675 3174; x_wconf 87' lang='lat' dir='ltr'>scribendo</span> <span class='ocrx_word' id='word_1_248' title='bbox 697 3111 783 3198; x_wconf 71' lang='lat' dir='ltr'>Erpa</span> <span class='ocrx_word' id='word_1_249' title='bbox 793 3161 802 3192; x_wconf 87' lang='lat'>,</span> <span class='ocrx_word' id='word_1_250' title='bbox 817 3135 1007 3198; x_wconf 69' lang='grc' dir='ltr'>ιιιρενυαειιε</span> <span class='ocrx_word' id='word_1_251' title='bbox 1026 3124 1079 3178; x_wconf 71' lang='lat' dir='ltr'>aaa</span> <span class='ocrx_word' id='word_1_252' title='bbox 1094 3138 1132 3178; x_wconf 84' lang='lat' dir='ltr'>ae</span> <span class='ocrx_word' id='word_1_253' title='bbox 1144 3116 1322 3201; x_wconf 69' lang='lat' dir='ltr'>paratiora</span> <span class='ocrx_word' id='word_1_254' title='bbox 1339 3137 1394 3200; x_wconf 76' lang='lat' dir='ltr'>pe</span> 
     </span>
     <span class='ocr_line' id='line_1_28' title="bbox 284 3208 1394 3296; baseline 0.005 -24"><span class='ocrx_word' id='word_1_255' title='bbox 284 3218 406 3287; x_wconf 80' lang='lat' dir='ltr'>tantur,</span> <span class='ocrx_word' id='word_1_256' title='bbox 422 3208 553 3293; x_wconf 79' lang='lat' dir='ltr'>Propter</span> <span class='ocrx_word' id='word_1_257' title='bbox 566 3209 708 3295; x_wconf 80' lang='lat' dir='ltr'>qaaesas</span> <span class='ocrx_word' id='word_1_258' title='bbox 729 3223 770 3276; x_wconf 83' lang='lat' dir='ltr'>est</span> <span class='ocrx_word' id='word_1_259' title='bbox 785 3233 887 3296; x_wconf 77' lang='lat' dir='ltr'>penae</span> <span class='ocrx_word' id='word_1_260' title='bbox 900 3212 1041 3276; x_wconf 80' lang='lat' dir='ltr'>incerare</span> <span class='ocrx_word' id='word_1_261' title='bbox 1055 3211 1205 3276; x_wconf 71' lang='lat' dir='ltr'>deonna?</span> <span class='ocrx_word' id='word_1_262' title='bbox 1219 3213 1253 3277; x_wconf 90' lang='lat' dir='ltr'>in</span> <span class='ocrx_word' id='word_1_263' title='bbox 1269 3211 1394 3277; x_wconf 90' lang='lat' dir='ltr'>Tibulli</span> 
     </span>
     <span class='ocr_line' id='line_1_29' title="bbox 284 3304 1394 3396; baseline 0.007 -29"><span class='ocrx_word' id='word_1_264' title='bbox 284 3327 306 3384; x_wconf 86' lang='lat'>1,</span> <span class='ocrx_word' id='word_1_265' title='bbox 316 3306 345 3380; x_wconf 87' lang='grc'>7,</span> <span class='ocrx_word' id='word_1_266' title='bbox 354 3304 392 3367; x_wconf 92' lang='grc'>61</span> <span class='ocrx_word' id='word_1_267' title='bbox 410 3325 507 3368; x_wconf 86' lang='grc' dir='ltr'>ιιειιιο</span> <span class='ocrx_word' id='word_1_268' title='bbox 521 3326 611 3368; x_wconf 90' lang='lat' dir='ltr'>nunc</span> <span class='ocrx_word' id='word_1_269' title='bbox 625 3307 750 3390; x_wconf 88' lang='lat' dir='ltr'>probat</span> <span class='ocrx_word' id='word_1_270' title='bbox 765 3308 857 3392; x_wconf 91' lang='lat' dir='ltr'>quod</span> <span class='ocrx_word' id='word_1_271' title='bbox 871 3309 948 3372; x_wconf 91' lang='lat' dir='ltr'>libri</span> <span class='ocrx_word' id='word_1_272' title='bbox 962 3308 1139 3384; x_wconf 84' lang='lat' dir='ltr'>exhibent,</span> <span class='ocrx_word' id='word_1_273' title='bbox 1160 3311 1201 3375; x_wconf 87' lang='lat' dir='ltr'>Te</span> <span class='ocrx_word' id='word_1_274' title='bbox 1215 3311 1296 3374; x_wconf 62' lang='lat' dir='ltr'>rarat</span> <span class='ocrx_word' id='word_1_275' title='bbox 1309 3314 1394 3396; x_wconf 75' lang='lat' dir='ltr'>apri-</span> 
     </span>
     <span class='ocr_line' id='line_1_30' title="bbox 286 3403 1395 3490; baseline 0.005 -24"><span class='ocrx_word' id='word_1_276' title='bbox 286 3403 371 3480; x_wconf 87' lang='lat' dir='ltr'>cola,</span> <span class='ocrx_word' id='word_1_277' title='bbox 380 3423 495 3486; x_wconf 73' lang='lat' dir='ltr'>maprea</span> <span class='ocrx_word' id='word_1_278' title='bbox 509 3425 577 3466; x_wconf 76' lang='lat' dir='ltr'>aaa</span> <span class='ocrx_word' id='word_1_279' title='bbox 591 3406 705 3468; x_wconf 77' lang='lat' dir='ltr'>veneat</span> <span class='ocrx_word' id='word_1_280' title='bbox 717 3405 807 3469; x_wconf 85' lang='lat' dir='ltr'>arbe.</span> <span class='ocrx_word' id='word_1_281' title='bbox 824 3427 926 3490; x_wconf 91' lang='lat' dir='ltr'>porro</span> <span class='ocrx_word' id='word_1_282' title='bbox 943 3426 962 3470; x_wconf 92' lang='lat' dir='ltr'>e</span> <span class='ocrx_word' id='word_1_283' title='bbox 974 3408 1240 3472; x_wconf 86' lang='lat' dir='ltr'>consonantibus</span> <span class='ocrx_word' id='word_1_284' title='bbox 1254 3419 1267 3471; x_wconf 87' lang='lat' dir='ltr'>t</span> <span class='ocrx_word' id='word_1_285' title='bbox 1279 3407 1395 3474; x_wconf 85' lang='lat' dir='ltr'>littera</span> 
     </span>
     <span class='ocr_line' id='line_1_31' title="bbox 283 3499 1395 3584; baseline 0.008 -21"><span class='ocrx_word' id='word_1_286' title='bbox 283 3499 412 3572; x_wconf 84' lang='lat' dir='ltr'>Ennio,</span> <span class='ocrx_word' id='word_1_287' title='bbox 424 3506 462 3562; x_wconf 89' lang='lat' dir='ltr'>ut</span> <span class='ocrx_word' id='word_1_288' title='bbox 476 3520 580 3584; x_wconf 87' lang='lat' dir='ltr'>supra</span> <span class='ocrx_word' id='word_1_289' title='bbox 595 3499 665 3564; x_wconf 87' lang='lat' dir='ltr'>dixi</span> <span class='ocrx_word' id='word_1_290' title='bbox 674 3549 682 3577; x_wconf 90' lang='lat'>,</span> <span class='ocrx_word' id='word_1_291' title='bbox 691 3502 726 3565; x_wconf 91' lang='lat' dir='ltr'>in</span> <span class='ocrx_word' id='word_1_292' title='bbox 741 3503 806 3567; x_wconf 87' lang='lat' dir='ltr'>line</span> <span class='ocrx_word' id='word_1_293' title='bbox 819 3503 1059 3568; x_wconf 88' lang='lat' dir='ltr'>vocabulorum</span> <span class='ocrx_word' id='word_1_294' title='bbox 1072 3512 1139 3569; x_wconf 87' lang='lat' dir='ltr'>tam</span> <span class='ocrx_word' id='word_1_295' title='bbox 1152 3527 1302 3571; x_wconf 88' lang='lat' dir='ltr'>crassum</span> <span class='ocrx_word' id='word_1_296' title='bbox 1316 3507 1395 3573; x_wconf 89' lang='lat' dir='ltr'>red·</span> 
     </span>
     <span class='ocr_line' id='line_1_32' title="bbox 286 3594 1395 3689; baseline 0.007 -27"><span class='ocrx_word' id='word_1_297' title='bbox 286 3597 367 3662; x_wconf 91' lang='lat' dir='ltr'>dere</span> <span class='ocrx_word' id='word_1_298' title='bbox 382 3596 455 3660; x_wconf 87' lang='lat' dir='ltr'>visa</span> <span class='ocrx_word' id='word_1_299' title='bbox 471 3604 523 3660; x_wconf 86' lang='grc' dir='ltr'>εει</span> <span class='ocrx_word' id='word_1_300' title='bbox 538 3594 654 3662; x_wconf 79' lang='lat' dir='ltr'>&#39;sonum</span> <span class='ocrx_word' id='word_1_301' title='bbox 667 3647 675 3674; x_wconf 93' lang='lat'>‚</span> <span class='ocrx_word' id='word_1_302' title='bbox 690 3609 729 3664; x_wconf 91' lang='lat' dir='ltr'>ut</span> <span class='ocrx_word' id='word_1_303' title='bbox 742 3610 862 3685; x_wconf 87' lang='lat' dir='ltr'>posset</span> <span class='ocrx_word' id='word_1_304' title='bbox 876 3601 1041 3687; x_wconf 85' lang='lat' dir='ltr'>syllabam</span> <span class='ocrx_word' id='word_1_305' title='bbox 1055 3603 1188 3689; x_wconf 84' lang='lat' dir='ltr'>longam</span> <span class='ocrx_word' id='word_1_306' title='bbox 1204 3603 1317 3670; x_wconf 84' lang='lat' dir='ltr'>facere</span> <span class='ocrx_word' id='word_1_307' title='bbox 1333 3629 1340 3668; x_wconf 92' lang='lat'><strong>:</strong></span> <span class='ocrx_word' id='word_1_308' title='bbox 1360 3607 1395 3670; x_wconf 91' lang='lat' dir='ltr'>in</span> 
     </span>
     <span class='ocr_line' id='line_1_33' title="bbox 284 3694 1393 3788; baseline 0.007 -28"><span class='ocrx_word' id='word_1_309' title='bbox 284 3696 358 3760; x_wconf 88' lang='lat' dir='ltr'>aliis</span> <span class='ocrx_word' id='word_1_310' title='bbox 372 3694 494 3759; x_wconf 88' lang='lat' dir='ltr'>litteris</span> <span class='ocrx_word' id='word_1_311' title='bbox 508 3695 594 3761; x_wconf 87' lang='lat' dir='ltr'>haec</span> <span class='ocrx_word' id='word_1_312' title='bbox 609 3705 739 3764; x_wconf 87' lang='lat' dir='ltr'>tantum</span> <span class='ocrx_word' id='word_1_313' title='bbox 753 3700 885 3764; x_wconf 90' lang='lat' dir='ltr'>inveni.</span> <span class='ocrx_word' id='word_1_314' title='bbox 902 3702 1044 3781; x_wconf 75' lang='lat' dir='ltr'>Postilla,</span> <span class='ocrx_word' id='word_1_315' title='bbox 1053 3725 1203 3788; x_wconf 55' lang='lat' dir='ltr'>pantana</span> <span class='ocrx_word' id='word_1_316' title='bbox 1215 3727 1304 3768; x_wconf 83' lang='lat' dir='ltr'>soror</span> <span class='ocrx_word' id='word_1_317' title='bbox 1318 3751 1327 3783; x_wconf 94' lang='lat'>,</span> <span class='ocrx_word' id='word_1_318' title='bbox 1344 3728 1393 3768; x_wconf 86' lang='lat' dir='ltr'>er·</span> 
     </span>
     <span class='ocr_line' id='line_1_34' title="bbox 282 3793 1393 3885; baseline 0.007 -29"><span class='ocrx_word' id='word_1_319' title='bbox 282 3817 355 3858; x_wconf 87' lang='lat' dir='ltr'>rare</span> <span class='ocrx_word' id='word_1_320' title='bbox 369 3793 494 3858; x_wconf 83' lang='lat' dir='ltr'>videbar</span> <span class='ocrx_word' id='word_1_321' title='bbox 509 3820 522 3877; x_wconf 91' lang='lat'>,·</span> <span class='ocrx_word' id='word_1_322' title='bbox 546 3795 674 3882; x_wconf 80' lang='lat' dir='ltr'>Opater</span> <span class='ocrx_word' id='word_1_323' title='bbox 682 3847 691 3877; x_wconf 89' lang='lat'>,</span> <span class='ocrx_word' id='word_1_324' title='bbox 703 3823 720 3862; x_wconf 85' lang='lat' dir='ltr'>o</span> <span class='ocrx_word' id='word_1_325' title='bbox 732 3801 850 3884; x_wconf 71' lang='lat' dir='ltr'>patiar</span> <span class='ocrx_word' id='word_1_326' title='bbox 864 3847 873 3878; x_wconf 86' lang='lat'><em>‚</em></span> <span class='ocrx_word' id='word_1_327' title='bbox 892 3822 909 3863; x_wconf 93' lang='grc' dir='ltr'><em>ο</em></span> <span class='ocrx_word' id='word_1_328' title='bbox 923 3823 1058 3885; x_wconf 71' lang='lat' dir='ltr'>saepem</span> <span class='ocrx_word' id='word_1_329' title='bbox 1072 3801 1120 3863; x_wconf 80' lang='lat' dir='ltr'>dis</span> <span class='ocrx_word' id='word_1_330' title='bbox 1134 3803 1297 3865; x_wconf 60' lang='lat' dir='ltr'>amandam</span> <span class='ocrx_word' id='word_1_331' title='bbox 1310 3827 1324 3882; x_wconf 81' lang='lat'>,-</span> <span class='ocrx_word' id='word_1_332' title='bbox 1339 3802 1393 3866; x_wconf 85' lang='lat' dir='ltr'>In-</span> 
     </span>
     <span class='ocr_line' id='line_1_35' title="bbox 259 3891 1395 3986; baseline 0.012 -33"><span class='ocrx_word' id='word_1_333' title='bbox 259 3898 264 3908; x_wconf 84' lang='lat'>&#39;</span> <span class='ocrx_word' id='word_1_334' title='bbox 282 3903 363 3954; x_wconf 80' lang='lat' dir='ltr'>terea</span> <span class='ocrx_word' id='word_1_335' title='bbox 369 3891 455 3978; x_wconf 73' lang='lat' dir='ltr'>sapit</span> <span class='ocrx_word' id='word_1_336' title='bbox 469 3891 549 3956; x_wconf 71' lang='lat' dir='ltr'>allel</span> <span class='ocrx_word' id='word_1_337' title='bbox 562 3893 653 3960; x_wconf 78' lang='lat' dir='ltr'>iubar</span> <span class='ocrx_word' id='word_1_338' title='bbox 667 3895 845 3983; x_wconf 49' lang='lat' dir='ltr'>Hyperia&amp;</span> <span class='ocrx_word' id='word_1_339' title='bbox 860 3921 982 3962; x_wconf 74' lang='lat' dir='ltr'>cerream</span> <span class='ocrx_word' id='word_1_340' title='bbox 995 3924 1007 3981; x_wconf 91' lang='lat'>,·</span> <span class='ocrx_word' id='word_1_341' title='bbox 1024 3897 1216 3979; x_wconf 68' lang='lat' dir='ltr'>latriam,</span> <span class='ocrx_word' id='word_1_342' title='bbox 1231 3900 1395 3986; x_wconf 76' lang='lat' dir='ltr'>aquilaque</span> 
     </span>
     <span class='ocr_line' id='line_1_36' title="bbox 280 3989 1393 4083; baseline 0.01 -32"><span class='ocrx_word' id='word_1_343' title='bbox 280 4011 335 4052; x_wconf 75' lang='lat' dir='ltr'>sato</span> <span class='ocrx_word' id='word_1_344' title='bbox 355 4011 424 4052; x_wconf 78' lang='lat' dir='ltr'>cara</span> <span class='ocrx_word' id='word_1_345' title='bbox 434 3989 566 4077; x_wconf 72' lang='lat' dir='ltr'>flamiam</span> <span class='ocrx_word' id='word_1_346' title='bbox 580 4005 686 4058; x_wconf 81' lang='lat' dir='ltr'>contra</span> <span class='ocrx_word' id='word_1_347' title='bbox 700 4019 712 4075; x_wconf 86' lang='lat'>‚·</span> <span class='ocrx_word' id='word_1_348' title='bbox 728 3993 782 4059; x_wconf 81' lang='lat' dir='ltr'>Sic</span> <span class='ocrx_word' id='word_1_349' title='bbox 804 3996 980 4080; x_wconf 66' lang='lat' dir='ltr'>respectabat</span> <span class='ocrx_word' id='word_1_350' title='bbox 990 3996 1125 4081; x_wconf 68' lang='lat' dir='ltr'>popalm</span> <span class='ocrx_word' id='word_1_351' title='bbox 1140 4008 1229 4083; x_wconf 74' lang='lat' dir='ltr'>atque</span> <span class='ocrx_word' id='word_1_352' title='bbox 1243 4021 1300 4061; x_wconf 84' lang='lat' dir='ltr'>ora</span> <span class='ocrx_word' id='word_1_353' title='bbox 1313 4007 1393 4062; x_wconf 79' lang='lat' dir='ltr'>trae-</span> 
     </span>
     <span class='ocr_line' id='line_1_37' title="bbox 280 4085 1393 4180; baseline 0.009 -32"><span class='ocrx_word' id='word_1_354' title='bbox 280 4087 348 4149; x_wconf 79' lang='lat' dir='ltr'>bat.</span> <span class='ocrx_word' id='word_1_355' title='bbox 364 4085 512 4152; x_wconf 90' lang='lat' dir='ltr'>Lucretii</span> <span class='ocrx_word' id='word_1_356' title='bbox 533 4097 568 4154; x_wconf 92' lang='lat' dir='ltr'>et</span> <span class='ocrx_word' id='word_1_357' title='bbox 581 4090 709 4155; x_wconf 75' lang='lat' dir='ltr'>Lucani</span> <span class='ocrx_word' id='word_1_358' title='bbox 726 4092 820 4156; x_wconf 90' lang='lat' dir='ltr'>nulla</span> <span class='ocrx_word' id='word_1_359' title='bbox 839 4094 973 4157; x_wconf 92' lang='lat' dir='ltr'>omnino</span> <span class='ocrx_word' id='word_1_360' title='bbox 996 4094 1102 4157; x_wconf 90' lang='lat' dir='ltr'>estin</span> <span class='ocrx_word' id='word_1_361' title='bbox 1122 4094 1190 4158; x_wconf 92' lang='lat' dir='ltr'>hoc</span> <span class='ocrx_word' id='word_1_362' title='bbox 1210 4115 1334 4180; x_wconf 85' lang='lat' dir='ltr'>genere</span> <span class='ocrx_word' id='word_1_363' title='bbox 1354 4094 1393 4158; x_wconf 91' lang='lat' dir='ltr'>li-</span> 
     </span>
     <span class='ocr_line' id='line_1_38' title="bbox 280 4185 1393 4274; baseline 0.007 -26"><span class='ocrx_word' id='word_1_364' title='bbox 280 4185 390 4248; x_wconf 90' lang='lat' dir='ltr'>centia</span> <span class='ocrx_word' id='word_1_365' title='bbox 405 4235 412 4247; x_wconf 92' lang='lat'><strong>.</strong></span> <span class='ocrx_word' id='word_1_366' title='bbox 433 4186 586 4272; x_wconf 89' lang='lat' dir='ltr'>plerique</span> <span class='ocrx_word' id='word_1_367' title='bbox 600 4210 669 4252; x_wconf 90' lang='lat' dir='ltr'>non</span> <span class='ocrx_word' id='word_1_368' title='bbox 683 4189 747 4253; x_wconf 89' lang='lat' dir='ltr'>nisi</span> <span class='ocrx_word' id='word_1_369' title='bbox 762 4189 957 4274; x_wconf 80' lang='lat' dir='ltr'>inlegitima</span> <span class='ocrx_word' id='word_1_370' title='bbox 972 4211 1114 4254; x_wconf 86' lang='lat' dir='ltr'>caesura</span> <span class='ocrx_word' id='word_1_371' title='bbox 1128 4191 1182 4256; x_wconf 92' lang='lat' dir='ltr'>vel</span> <span class='ocrx_word' id='word_1_372' title='bbox 1197 4201 1275 4256; x_wconf 86' lang='lat' dir='ltr'>ante</span> <span class='ocrx_word' id='word_1_373' title='bbox 1290 4213 1393 4259; x_wconf 85' lang='lat' dir='ltr'>voea-</span> 
     </span>
     <span class='ocr_line' id='line_1_39' title="bbox 279 4282 1392 4376; baseline 0.005 -30"><span class='ocrx_word' id='word_1_374' title='bbox 279 4282 359 4346; x_wconf 82' lang='lat' dir='ltr'>bula</span> <span class='ocrx_word' id='word_1_375' title='bbox 374 4282 506 4348; x_wconf 88' lang='lat' dir='ltr'>Graeca</span> <span class='ocrx_word' id='word_1_376' title='bbox 519 4287 642 4350; x_wconf 88' lang='lat' dir='ltr'>breves</span> <span class='ocrx_word' id='word_1_377' title='bbox 657 4288 772 4352; x_wconf 88' lang='lat' dir='ltr'>finales</span> <span class='ocrx_word' id='word_1_378' title='bbox 787 4289 1024 4374; x_wconf 85' lang='lat' dir='ltr'>produxerunt</span> <span class='ocrx_word' id='word_1_379' title='bbox 1039 4338 1046 4353; x_wconf 94' lang='lat'>.</span> <span class='ocrx_word' id='word_1_380' title='bbox 1067 4291 1115 4355; x_wconf 85' lang='lat' dir='ltr'>ita</span> <span class='ocrx_word' id='word_1_381' title='bbox 1129 4289 1277 4354; x_wconf 89' lang='lat' dir='ltr'>Lucilius</span> <span class='ocrx_word' id='word_1_382' title='bbox 1300 4290 1392 4376; x_wconf 88' lang='lat' dir='ltr'>apud</span> 
     </span>
     <span class='ocr_line' id='line_1_40' title="bbox 277 4379 1391 4473; baseline 0.004 -30"><span class='ocrx_word' id='word_1_383' title='bbox 277 4379 424 4444; x_wconf 88' lang='lat' dir='ltr'>Nonium</span> <span class='ocrx_word' id='word_1_384' title='bbox 452 4381 591 4465; x_wconf 59' lang='lat' dir='ltr'>peta?</span> <span class='ocrx_word' id='word_1_385' title='bbox 617 4385 721 4450; x_wconf 78' lang='lat' dir='ltr'>Cetera</span> <span class='ocrx_word' id='word_1_386' title='bbox 743 4386 903 4451; x_wconf 61' lang='lat' dir='ltr'>cmiteraait</span> <span class='ocrx_word' id='word_1_387' title='bbox 924 4387 929 4471; x_wconf 89' lang='grc' dir='ltr'>Ι</span> <span class='ocrx_word' id='word_1_388' title='bbox 952 4399 979 4450; x_wconf 84' lang='lat' dir='ltr'>et</span> <span class='ocrx_word' id='word_1_389' title='bbox 1000 4389 1033 4451; x_wconf 84' lang='lat' dir='ltr'>ia</span> <span class='ocrx_word' id='word_1_390' title='bbox 1053 4411 1150 4451; x_wconf 77' lang='lat' dir='ltr'>rasura</span> <span class='ocrx_word' id='word_1_391' title='bbox 1171 4388 1274 4451; x_wconf 80' lang='lat' dir='ltr'>amaia</span> <span class='ocrx_word' id='word_1_392' title='bbox 1290 4390 1391 4473; x_wconf 79' lang='lat' dir='ltr'>pmrit.</span> 
     </span>
     <span class='ocr_line' id='line_1_41' title="bbox 277 4473 1429 4573; baseline 0.01 -35"><span class='ocrx_word' id='word_1_393' title='bbox 277 4473 429 4541; x_wconf 88' lang='lat' dir='ltr'>Catullus</span> <span class='ocrx_word' id='word_1_394' title='bbox 445 4490 551 4543; x_wconf 70' lang='lat' dir='ltr'>caetras</span> <span class='ocrx_word' id='word_1_395' title='bbox 563 4481 754 4569; x_wconf 75' lang='lat' dir='ltr'>Hymenaeo,</span> <span class='ocrx_word' id='word_1_396' title='bbox 765 4483 830 4549; x_wconf 78' lang='lat' dir='ltr'>iam</span> <span class='ocrx_word' id='word_1_397' title='bbox 843 4485 959 4550; x_wconf 74' lang='lat' dir='ltr'>dicerer</span> <span class='ocrx_word' id='word_1_398' title='bbox 970 4485 1180 4573; x_wconf 80' lang='lat' dir='ltr'>llymeaaeas.</span> <span class='ocrx_word' id='word_1_399' title='bbox 1192 4485 1394 4570; x_wconf 90' lang='lat' dir='ltr'>Propertius</span> <span class='ocrx_word' id='word_1_400' title='bbox 1425 4513 1429 4518; x_wconf 95' lang='lat'>·</span> 
     </span>
    </p>
   </div>
   <div class='ocr_carea' id='block_1_3' title="bbox 0 0 1522 5191">
    <p class='ocr_par' dir='ltr' id='par_1_3' title="bbox 0 0 1522 5191">
     <span class='ocr_line' id='line_1_42' title="bbox 0 0 1522 5191; baseline 0 0"><span class='ocrx_word' id='word_1_401' title='bbox 0 0 1522 5191; x_wconf 95' lang='lat' dir='ltr'> </span> 
     </span>
    </p>
   </div>
  </div>
 </body>
</html>
