2970 5268
352 1271 394 1353 u.
434 1271 708 1353 lucrari
746 1272 895 1353 ouer

154 1493 276 1594 DE
337 1495 649 1598 RERUM
702 1495 1084 1599 NATURA

394 1738 560 1803 LIBER
594 1737 858 1818 QUINTUS.

527 1965 728 1972 --——---—-—

75 2202 163 2348 Quis
177 2264 273 2348 potis
291 2271 344 2326 est
358 2262 494 2346 dignum
509 2262 647 2348 pollenti
662 2269 799 2348 pectore
815 2285 947 2327 carmen

74 2369 200 2436 condere
216 2397 286 2461 pro
303 2396 412 2438 rerum
428 2376 600 2440 maiestate
615 2374 734 2460 hisque
748 2377 915 2463 repertis?

76 2483 173 2562 quisve
186 2489 284 2554 valet
299 2490 411 2554 verbis
426 2497 553 2554 tantum
563 2539 570 2564 ‚
582 2490 639 2574 qui
653 2490 779 2575 fingere
793 2491 910 2557 laudes

75 2614 120 2674 pro
133 2603 261 2667 meritis
279 2604 350 2668 eius
364 2604 490 2689 possit,
502 2605 558 2689 qui
573 2605 652 2668 talia
668 2607 763 2669 nobis

53 2717 58 2751 ³
77 2719 195 2788 pectore
209 2725 314 2803 parta
327 2739 388 2784 suo
405 2719 621 2803 quaesitaque
636 2721 782 2804 praemia
796 2721 912 2806 liquit?

76 2839 221 2902 uemo‚ut
237 2833 376 2920 opinor,
389 2833 451 2895 erit
464 2833 594 2897 mortali
610 2854 751 2918 corpore
767 2844 892 2898 cretus.

78 2954 137 3001 nam
151 2944 194 3018 si,
206 2955 246 3010 ut
261 2947 335 3033 ipsa
349 2948 435 3031 petit
448 2948 604 3011 maiestas
619 2949 890 3031 cognitorem,

81 3045 241 3124 tlioendum
259 3068 327 3136 est,
339 3058 424 3125 deus
438 3061 493 3124 ille
507 3059 586 3134 fuit,
599 3058 698 3134 deus,
710 3058 835 3145 inelyte
850 3059 996 3132 Memmi,

81 3166 122 3244 qui
136 3173 294 3260 princeps
309 3175 396 3239 vitae
411 3174 575 3238 rationem
589 3172 716 3236 invenit
731 3191 801 3236 eam
817 3191 903 3257 quae

50 3280 63 3320 ¹¹
81 3294 153 3345 nunc
167 3289 358 3374 appellatur
372 3288 552 3373 sapientia,
566 3287 689 3372 quique
705 3307 766 3371 per
780 3293 885 3368 artem

81 3387 216 3465 fluctibus
234 3425 253 3466 e
269 3403 371 3466 tontis
384 3403 486 3466 vitam
503 3403 671 3487 tantisque
685 3401 832 3465 tenebris

82 3501 180 3576 lsstam
193 3517 377 3602 tranquillo
393 3525 426 3580 et
440 3526 507 3581 tam
523 3517 613 3581 olara
626 3517 700 3581 luoe
714 3516 853 3580 locavit.

83 3623 178 3688 c<mser
194 3632 283 3695 enim
299 3630 413 3695 divina
427 3633 564 3696 aliorum
578 3631 716 3717 antiqua
730 3637 877 3716 reperta.

84 3748 209 3824 11{unqua
225 3745 328 3808 Ceres
343 3744 450 3809 fertur
464 3745 577 3831 fruges
592 3743 759 3829 Liberque
773 3744 911 3827 liquoris

52 3845 67 3890 ³³³
86 3843 202 3935 vitigeni
215 3859 346 3922 laticem
362 3859 557 3922 mortalibus
571 3858 769 3934 instituiss03

86 3975 144 4026 ⁰¹¹OE
157 3977 268 4035 tamen
281 3971 333 4035 his
349 3980 467 4058 posset
481 3973 555 4058 siue
567 3971 667 4032 rebus
683 3972 752 4035 vita
766 3990 913 4044 manere,

87 4079 117 4133 ut
127 4075 207 4147 fama
220 4095 273 4161 est
287 4085 415 4171 aliquas
431 4086 529 4150 etiam
543 4105 632 4147 nune
646 4083 897 4167 vivere-gentis:

86 4195 113 4246 at
124 4190 201 4262 bene
215 4221 283 4264 non
298 4207 433 4284 poterat
447 4201 517 4264 sine
533 4219 618 4284 puro
634 4204 772 4282 pectore
787 4197 868 4272 vivi3

27 4475 29 4498 r
92 4429 250 4498 luriuutis
269 4451 348 4515 utque
367 4447 377 4514 ΙΙ
397 4454 410 4496 5
429 4448 550 4516 quaesita
568 4445 577 4512 Η
600 4451 629 4496 12
650 4446 766 4498 vocavit.
784 4445 794 4513 ΙΙ
816 4451 845 4498 14
864 4459 943 4515 geres

24 4528 29 4650 l
