2970 5268
620 443 653 510 V

69 640 112 682 rec
123 619 232 682 minus
248 619 289 681 in
309 626 409 680 certo
426 615 544 681 dentes
559 615 680 682 cadere
694 618 836 706 imperat
850 630 942 686 aetas

68 751 198 818 tempore
216 741 256 796 et
271 733 444 817 inpubem
457 731 548 796 molli
563 731 747 818 pubescere
761 743 857 800 veste

66 847 222 931 aperitet
236 847 389 910 mollem
404 846 496 912 molis
512 845 688 912 demittere
703 847 856 916 barbam:
962 851 965 858 '

40 979 52 1019 ·;
64 961 181 1024 fulmina
194 971 392 1046 postremo
402 1009 411 1037 ,
421 962 496 1036 nix,
507 962 630 1027 imbres
640 1010 648 1036 ‚
660 961 790 1037 nubila,
800 965 907 1038 venti,

53 1099 112 1150 ,run
123 1077 227 1140 nimis
244 1075 400 1139 incertis
413 1075 497 1142 liunt
510 1077 545 1142 in
560 1077 712 1162 partibus
727 1077 824 1140 anni.

64 1212 191 1274 rumque
206 1192 276 1254 ubi
294 1191 349 1254 sic
363 1188 500 1256 fuerunt
514 1211 688 1256 causarum
704 1189 843 1256 exordia
856 1191 963 1276 prima

63 1315 147 1390 atque
160 1307 214 1369 ita
231 1327 300 1368 res
318 1304 433 1368 mundi
448 1303 600 1372 cecidere
615 1307 658 1370 ab
673 1305 800 1390 origiue
815 1306 935 1390 prima,

62 1427 223 1504 enseque
243 1439 395 1505 quoque
408 1418 473 1484 iam
487 1418 632 1486 redeunt
647 1442 689 1484 ex
703 1418 821 1484 ordine
836 1433 947 1486 certo.

35 1557 41 1572 ·
93 1533 266 1598 Crescere
282 1527 436 1618 it'emque
451 1531 522 1598 dies
536 1534 615 1600 licet
630 1543 664 1600 et
679 1534 852 1600 tabescere
866 1547 1000 1612 noctes,

63 1660 88 1710 et
99 1649 201 1712 minui
217 1649 344 1724 luces,
357 1669 431 1711 cum
445 1658 577 1713 sumant
591 1650 746 1733 augmina
758 1657 894 1722 noctes,

62 1773 108 1825 aut
121 1764 205 1846 quia
221 1764 286 1828 sol
302 1761 392 1826 idem
408 1764 470 1828 sub
485 1771 594 1830 terras
610 1771 712 1848 atque
727 1783 873 1847 superne

63 1875 238 1959 imparibus
256 1897 403 1943 currens
418 1875 631 1942 amfractibus
646 1877 792 1942 aetheris
808 1897 885 1942 oras

63 1993 153 2072 partit
168 2003 206 2057 et
220 1994 262 2056 in
280 1992 389 2078 partis
403 2013 471 2056 nou
486 2012 611 2076 aequas
627 1990 747 2058 dividit
761 1992 892 2064 orbem,

32 2113 51 2153 ἰε
66 2112 91 2165 et
104 2104 198 2188 quod
215 2108 266 2171 ab
285 2106 448 2170 alterutra
462 2105 611 2172 detraxit
624 2115 737 2194 parte,
748 2107 883 2190 reponit

67 2217 124 2280 eius
138 2221 174 2282 in
191 2221 353 2286 adversa
366 2229 460 2286 tanto
476 2221 550 2307 plus
565 2229 662 2308 parte
676 2221 819 2294 relatum,

69 2328 166 2398 donec
181 2337 234 2400 ad
248 2336 291 2400 id
307 2335 435 2420 signum
450 2335 533 2400 caeli
547 2336 717 2420 pervenit.
732 2334 788 2400 ubi
803 2336 879 2400 anni

70 2446 168 2513 rodus
182 2459 380 2516 nocturnas
395 2457 561 2534 exaequat
574 2450 704 2516 lucibus
717 2449 868 2517 umbras:

69 2581 133 2625 ram
147 2565 271 2630 medio
288 2585 388 2629 cursu
402 2563 502 2632 ssatus
517 2565 681 2649 aquilonis
697 2573 731 2630 et
745 2566 849 2630 austri

42 2681 52 2723 θ’
72 2671 218 2756 distinet,
231 2686 382 2764 aequato
397 2679 524 2743 caelum
539 2676 727 2746 discrimine
741 2689 886 2753 metans,

73 2803 206 2876 propter
223 2793 379 2881 signiferi
393 2793 577 2879 posituram
591 2794 696 2860 totius
710 2793 802 2860 orbis

37 2907 59 2954 Μ
75 2902 209 2991 obliqui,
225 2917 340 2974 terras
355 2917 389 2974 et
403 2907 530 2974 caelum
545 2907 667 2972 lumine
680 2907 829 2971 lustrans

37 3021 61 3068 it
75 3036 173 3084 annua
188 3025 248 3088 sol
262 3024 299 3086 in
313 3044 381 3107 quo
396 3020 568 3089 concludit
582 3031 735 3104 tempora
749 3039 903 3103 serpens,

39 3133 62 3183 'a
76 3141 107 3194 ut
117 3137 204 3201 ratio
222 3137 375 3201 declarat
390 3157 503 3200 eorum
519 3136 576 3220 qui
589 3134 667 3198 loca
686 3132 769 3196 caeli

80 3250 180 3313 omnia
195 3251 372 3338 dispositis
387 3251 490 3336 signis
504 3257 624 3316 ornata
637 3255 812 3314 notarunt.

79 3372 129 3426 aut
142 3367 224 3450 quia
241 3366 387 3431 crassior
403 3374 455 3430 est
469 3364 570 3430 certis
584 3363 617 3428 in
633 3361 785 3448 partibus
799 3365 872 3435 adr,
968 3441 975 3454 ἱ

82 3476 133 3540 sub
147 3483 252 3546 terris
267 3479 344 3544 ideo
361 3479 646 3546 communietur
660 3477 804 3544 haesitat
817 3473 903 3560 ignis

81 3606 133 3654 uec
148 3605 330 3678 penetrare
344 3603 458 3680 potest
472 3593 568 3660 facile
584 3603 686 3682 atque
702 3611 872 3677 emergere
887 3588 931 3654 ad
947 3598 1057 3654 ortus:

83 3716 258 3791 propterea
270 3717 387 3775 noctes
402 3710 544 3774 hiberno
560 3718 711 3795 tempore
725 3707 845 3792 longae

41 3815 69 3861 te
86 3833 226 3902 cassam,
239 3825 318 3889 dum
332 3825 446 3890 veniat
460 3822 626 3888 radiatum
639 3822 768 3906 insigne
783 3818 864 3884 diei.

85 3941 135 3996 aut
148 3939 263 4015 etiam,
276 3939 354 4024 quia
368 3938 415 4004 sic
430 3939 566 4004 alternis
580 3935 733 4024 partibus
749 3934 826 4000 anni

88 4048 206 4120 trtius
222 4063 256 4118 et
271 4053 367 4117 citius
382 4060 587 4120 consuerunt
601 4047 770 4116 confluere
784 4049 896 4134 ignes,

21 4324 24 4391 l
92 4325 132 4376 ⁶⁷5
149 4329 270 4390 Flumina
287 4343 428 4406 postremo
455 4335 465 4403 ΙΙ
494 4338 543 4386 679
562 4331 730 4400 Conseqoise
747 4329 758 4398 ll
776 4344 863 4382 rerum
883 4329 893 4396 ll
911 4332 960 4380 ost
980 4343 994 4378 e
1012 4328 1038 4380 in
1056 4325 1067 4394 ll
1086 4307 1135 4377 Ι690
1154 4340 1209 4376 me·

91 4413 139 4462 ill·
155 4415 165 4480 ll
182 4421 230 4471 693
252 4417 369 4488 Obliquo
388 4417 398 4485 ΙΙ
417 4422 466 4469 692
485 4414 606 4469 contudit
623 4412 633 4483 ΙΙ
653 4419 702 4467 700
720 4409 785 4464 dici.

952 4510 1008 4572 12·
