2946 5188
625 394 664 462 ’Π

26 579 65 624 aas
85 583 149 626 non
163 561 236 626 fieri
251 571 383 648 partum
396 563 461 628 nisi
474 564 614 629 concilio
630 573 707 630 ante
722 574 856 644 coacto,

86 698 143 740 nec
158 677 338 762 quiequam
353 679 548 742 commutari
562 679 633 743 sinc
648 680 839 746 conciliatu.

86 791 245 876 principio
258 798 430 877 nequeunt
443 791 540 856 ullius
556 794 709 880 eorporis
725 815 799 858 csse

87 926 197 968 sensus
214 913 293 968 ante
306 905 413 990 ipsam
427 907 572 990 genitam
586 915 744 972 naturam
754 909 945 988 animantis,

86 1018 117 1080 ni
128 1019 262 1096 mirum,
275 1019 351 1104 quia
364 1020 519 1086 materies
535 1019 675 1086 disiecta
688 1030 821 1088 tenetur

32 1148 69 1194 uc
87 1139 171 1209 acre,
182 1132 498 1208 fluminibus,‚terris
508 1181 515 1209 ,
527 1135 713 1220 aethraque
728 1138 865 1212 creatis,

88 1267 143 1310 nec
157 1267 341 1333 congressa
354 1246 455 1312 modo
470 1248 580 1314 vitalis
596 1250 833 1315 convenientes

89 1361 222 1426 contulit
234 1361 324 1426 inter
339 1383 375 1424 se
389 1369 517 1436 motus,
529 1363 649 1447 quibus
664 1365 886 1430 omnituentes

89 1475 211 1540 accensi
225 1497 345 1539 sensus
360 1477 562 1540 animantum
577 1486 849 1542 concuterentur.

123 1587 303 1676 l'raeterea
316 1589 467 1675 quamvis
481 1591 679 1656 animantem
694 1591 853 1677 grandior
865 1591 967 1668 ictus,

36 1716 71 1762 ut
87 1723 176 1786 qnam
187 1703 317 1788 patitur
331 1711 466 1779 natura,
477 1712 615 1792 repente
630 1704 758 1790 adfligit
772 1712 808 1769 et
821 1707 927 1770 omnis

89 1817 347 1904 corporisnatque
362 1817 459 1880 animi
474 1819 582 1904 pergit
597 1819 801 1884 confundere
816 1839 949 1884 sensus.

89 1927 308 1998 dissoluuntur
324 1931 408 1996 euim
421 1931 592 2017 positurae
607 1932 861 2019 principiorum,

91 2051 119 2107 et
129 2045 258 2128 penitus
273 2053 383 2110 motus
396 2045 514 2109 vitales
528 2045 753 2132 inpediuntur,

90 2156 185 2222 donec
199 2160 373 2235 materies,
385 2160 490 2224 omnis
505 2181 668 2224 concussa
682 2167 868 2246 perarma,

40 2285 74 2330 uo
91 2272 186 2337 vitalis
200 2274 329 2340 animae
344 2272 454 2337 nodos
470 2295 490 2336 a
504 2295 649 2360 corpore
663 2273 765 2338 solvit

91 2383 329 2474 dispersamque
342 2385 435 2451 foras
450 2409 511 2474 per
526 2387 638 2451 caulas
654 2387 751 2452 eiecit
765 2386 885 2450 omnis:

91 2501 250 2587 namquid
266 2509 440 2588 praeterea
454 2501 564 2566 facere
578 2501 678 2566 ictum
694 2521 795 2586 posse
809 2519 941 2564 reamur

92 2613 241 2693 oblatum,
253 2615 317 2680 nisi
332 2614 499 2680 discutere
515 2636 554 2679 ac
569 2614 754 2679 dissolvere
769 2615 948 2700 quaeque?

92 2725 123 2789 fit
133 2749 264 2815 quoque
278 2729 328 2793 uti
341 2728 472 2792 soleant
485 2730 591 2794 minus
607 2729 721 2794 oblato
737 2728 858 2794 acriter
871 2729 941 2794 ictu

43 2851 76 2896 us
93 2839 194 2926 reliqiii
207 2850 320 2908 motus
334 2843 445 2908 vitalis
459 2843 592 2908 sincere
607 2865 723 2929 saepe,

93 2955 227 3032 vincere,
240 2963 276 3020 et
288 2956 432 3042 ingentis
447 2957 565 3042 plagae
580 2957 700 3022 sedare
715 2956 889 3030 tumultus,

93 3065 179 3152 inque
192 3092 273 3135 suos
290 3069 449 3156 quicquid
463 3092 579 3133 rursus
593 3089 754 3133 revocare
769 3076 910 3142 meatus,

94 3187 121 3243 et
133 3185 220 3266 quasi
233 3184 300 3248 iam
312 3183 370 3248 leti
387 3182 612 3256 dominantem
625 3183 659 3246 in
676 3203 818 3267 corpore
832 3188 958 3246 motum

94 3291 244 3362 discutere
254 3346 263 3373 ‚
274 3319 314 3362 ac
327 3319 435 3384 paene
450 3297 589 3362 amissos
603 3294 788 3362 accendere
803 3317 934 3360 sensus:

47 3413 79 3463 uc
95 3427 157 3472 nam
171 3431 274 3496 quare
289 3412 402 3497 potius
415 3411 474 3478 leti
488 3415 552 3476 iam
564 3411 674 3476 limine
688 3411 731 3476 'ab
745 3411 820 3495 ipso

95 3520 237 3590 advitam
252 3526 361 3611 possit
375 3526 527 3591 conlecta
540 3533 651 3591 mente
664 3525 802 3601 reverti,

96 3653 260 3725 quamquo
277 3638 454 3704 decursum
467 3661 574 3726 prope
588 3639 653 3704 iam
667 3639 732 3703 siet
743 3639 792 3703 ire
804 3645 841 3702 et
854 3639 967 3704 abire?

95 3760 276 3834 propterea,
288 3753 444 3839 quoniam
460 3753 558 3818 dolor
573 3761 625 3818 est
634 3801 642 3828 ‚
651 3753 709 3818 ubi
723 3753 874 3818 materiai

98 3878 223 3948 corpora
237 3868 270 3932 vi
286 3865 431 3953 quadam
446 3867 650 3954 perviscera
664 3867 740 3934 viva
753 3889 815 3954 per
830 3872 923 3932 artus

99 4057 280 4078 *Q*—

99 4173 139 4223 ⁹38
153 4173 230 4231 lesam
252 4178 263 4248 ΙΙ
286 4185 336 4232 940
354 4187 477 4248 terraque
501 4179 511 4248 ll
536 4185 584 4231 942
605 4185 818 4232 omue'tueutes.
844 4179 854 4246 ΙΙ
874 4185 922 4230 949
942 4179 1099 4231 animantem
1117 4195 1207 4246 quam-

99 4267 268 4318 queuenmr.
295 4263 307 4332 ΙΙ
334 4269 381 4315 951
402 4260 489 4320 cavius
517 4263 528 4330 ΙΙ
554 4267 636 4314 utta
661 4263 672 4330 ΙΙ
699 4268 749 4315 954
768 4261 857 4315 oblata
873 4262 972 4332 agriter
998 4261 1009 4330 ΙΙ
1037 4265 1085 4313 961
1104 4258 1208 4330 possint

100 4339 204 4397 coniecta
222 4345 232 4414 ll
248 4351 297 4400 969
317 4345 461 4399 Praeterea

314 4620 330 4650 Ο
