2946 5188
630 478 646 546 l

52 673 96 714 ne
112 673 193 716 mea
210 650 302 714 dona
317 651 377 714 tibi
392 649 504 715 studio
521 649 675 737 disposta
688 650 793 726 fideli,

54 765 238 830 intellecta
251 767 344 852 prius
360 787 459 851 quam
475 767 559 842 sint,
571 773 765 852 contempta
778 767 964 852 relinquas.

55 902 133 944 nam
148 881 218 945 tibi
235 879 278 943 de
293 902 421 944 summa
437 879 517 944 caeli
531 881 661 944 ratione
678 879 842 967 deumque

18 1013 28 1056 e
58 995 234 1060 disserere
248 995 419 1081 incipiam,
432 1001 465 1059 et
478 1016 589 1058 rerum
604 995 786 1081 primordia
798 995 958 1082 pandam,

57 1107 148 1173 unde
161 1109 277 1172 omnis
291 1118 413 1174 natura
427 1115 520 1174 ereet
533 1131 605 1189 res,
617 1116 747 1185 auctet,
759 1109 907 1196 alatque,

59 1247 173 1310 quove
191 1221 312 1285 eadem
325 1245 459 1288 rursum
472 1231 593 1288 natura
606 1231 779 1310 perempta
791 1225 955 1300 resolvam

61 1355 146 1418 quae
163 1357 236 1401 nos
251 1339 419 1402 materiem
436 1346 471 1402 et
484 1338 642 1424 genitalia
654 1359 799 1424 corpora
812 1340 914 1402 rebus
977 1381 987 1394 -

60 1447 247 1516 reddunda
261 1450 295 1514 in
309 1453 438 1517 ratione
452 1473 575 1517 vocare
591 1459 625 1516 et
640 1452 765 1516 semina
779 1473 889 1518 rerum

18 1579 37 1618 ιι
64 1565 239 1648 appellare
255 1572 387 1630 suemus
404 1567 536 1632 ethaeo
553 1565 668 1632 eadem
683 1588 848 1652 usurpare

64 1699 214 1765 corpora
229 1681 351 1766 prima,
363 1681 458 1766 quod
473 1703 513 1746 ex
528 1682 592 1746 illis
607 1688 685 1746 sunt
700 1682 810 1745 omnia
824 1682 953 1768 primis.

103 1793 263 1858 Humana
277 1804 354 1859 ante
369 1795 485 1860 oeulos
499 1795 599 1861 foede
617 1817 690 1860 eum
706 1796 775 1860 vita
788 1795 912 1858 iaceret

67 1905 98 1968 in
109 1908 215 1972 terris
231 1931 397 1997 oppressa
410 1911 504 1995 gravi
519 1911 581 1976 sub
596 1910 770 1996 religione,

67 2040 149 2104 quae
164 2030 270 2109 eaput
284 2045 305 2087 a
319 2024 401 2088 caeli
416 2025 606 2109 regionibus
620 2023 823 2090 ostendebat

18 2149 44 2190 ιι
69 2132 219 2202 horribili
234 2159 337 2224 super
351 2147 491 2224 aspectu
507 2139 701 2203 mortalibus
716 2139 861 2208 instans.

70 2251 208 2332 primum
226 2251 347 2317 Graius
361 2253 462 2317 bomo
477 2254 626 2318 mortalis
641 2251 781 2318 tendere
796 2261 916 2318 eontra
962 2283 965 2288 ·

72 2371 118 2427 est
132 2367 250 2431 oeulos
266 2389 367 2432 ausus
381 2368 577 2453 primusque
593 2367 758 2431 obsistere
774 2373 906 2438 eontrar

72 2497 164 2560 quem
177 2501 290 2567 neque
305 2479 382 2546 fana
397 2481 495 2547 deum
509 2501 572 2546 nee
586 2480 725 2546 fulmina
738 2501 801 2546 nee
815 2481 977 2546 minitanti

73 2613 232 2660 murmure
248 2598 447 2682 compressit
461 2596 586 2662 caelum
596 2641 604 2672 ,
615 2594 677 2662 sed
692 2617 732 2660 eo
747 2596 851 2682 magis
866 2617 974 2662 aerem

27 2716 51 2762 τι
75 2705 178 2774 imitat
192 2712 293 2775 animi
307 2712 480 2786 virtutem,
493 2711 667 2797 effringere
680 2719 720 2776 ut
734 2719 808 2776 arte

74 2829 204 2888 naturae
220 2825 347 2910 primus
361 2832 533 2910 portarum
549 2825 696 2890 claustra
710 2826 854 2911 eupiret.

70 2914 146 3020 ⁴ergo
160 2938 276 3003 vivida
288 2940 341 3002 vis
356 2940 453 3004 animi
468 2940 627 3025 pervicit,
641 2947 674 3004 et
690 2947 785 3004 extra

77 3054 233 3131 prooessit
247 3054 348 3140 longe
362 3054 563 3118 flammantia
577 3055 708 3117 moenia
722 3050 836 3114 mundi

78 3169 169 3249 atque
183 3189 281 3233 omne
295 3168 488 3232 immensum
504 3164 696 3255 peragravit
709 3171 819 3226 mente
835 3164 1025 3250 animoque;

34 3284 57 3328 a
80 3277 158 3343 unde
171 3281 277 3346 refert
290 3283 388 3348 nobis
405 3283 513 3346 vietor
530 3276 610 3364 quid
626 3277 735 3364 possit
749 3278 843 3359 oriri,

81 3391 150 3472 quid
163 3405 327 3482 nequeat,
338 3397 431 3464 finita
445 3400 597 3483 potestas
612 3391 757 3480 denique
773 3393 893 3478 cuique

82 3523 224 3588 quanam
239 3510 282 3574 sit
296 3512 425 3576 ratione
439 3515 541 3594 atque
555 3507 623 3572 alte
637 3509 797 3573 terminus
811 3509 971 3574 haerens.

81 3636 172 3699 quare
185 3625 301 3710 religio
316 3623 459 3711 pedibus
474 3623 625 3688 subiecta
638 3622 783 3686 vicissim

84 3739 252 3817 optentur,
262 3761 326 3802 nos
342 3746 507 3823 exaequat
522 3737 663 3802 viatoria
677 3737 786 3802 eaelo.

39 3855 60 3896 n
115 3847 196 3916 lllnd
208 3854 242 3917 in
257 3852 312 3917 his
326 3855 427 3920 rebus
442 3873 560 3916 vereor
571 3901 579 3927 ‚
589 3874 631 3918 ue
645 3851 734 3918 forte
748 3853 851 3918 rearis

83 3957 160 4046 inpia
172 3977 204 4032 te
218 3967 358 4032 rationis
372 3968 455 4032 inire
471 3967 634 4032 elementa
646 3968 799 4052 viamque

84 4070 245 4166 indugredi
260 4083 409 4147 sceleris.
433 4082 527 4168 quod
541 4089 660 4172 eontra
674 4081 807 4172 saepius
822 4079 878 4143 illa

84 4255 267 4278 ικ-

88 4353 113 4402 ⁸⁶
134 4359 223 4415 tollere
249 4361 259 4434 11
288 4369 320 4415 68
347 4363 417 4416 fama
445 4363 454 4433 11
482 4368 513 4416 70
538 4359 707 4430 confringere
734 4359 743 4428 11
773 4367 801 4411 71
828 4367 946 4429 cuperet.
976 4357 985 4428 11
1013 4363 1044 4409 74
1064 4371 1168 4408 omnem
1188 4355 1197 4421 11

88 4435 113 4484 lt
130 4439 256 4504 Quantum
