3034 5204
266 470 337 538 230
601 429 608 438 ’
804 467 854 536 v1

266 651 415 720 creseat,
426 644 483 707 ubi
498 645 530 707 in
546 664 683 728 campos
699 643 792 707 albas
808 641 1015 707 descendere
1030 643 1170 728 ningues

266 759 407 852 tabificis
421 759 545 844 subigit
558 755 660 821 radiis
675 757 728 820 sol
742 759 852 820 omnia
865 757 1027 822 lustrans.

305 873 399 938 Nune
414 894 474 958 age
484 921 491 946 ,
502 875 636 936 Averna
650 872 709 937 tibi
726 893 811 956 quae
826 872 893 936 sint
906 872 981 935 loca
996 893 1138 957 eumque
1152 873 1312 958 lacusque
1329 851 1335 860 ’

267 988 457 1074 expediam,
470 987 559 1072 quali
573 993 693 1051 natura
706 985 861 1072 praedita
875 995 1043 1051 constent.

196 1117 245 1164 740
267 1103 447 1189 principio,
459 1123 526 1188 quo
542 1103 676 1165 Averna
691 1110 855 1167 vocantur
869 1100 1064 1176 nomine‚id
1080 1102 1122 1166 ab
1138 1123 1174 1165 re

265 1216 495 1302 inpositumst,
509 1217 587 1302 quia
602 1223 679 1280 sunt
694 1217 812 1280 avibus
826 1217 995 1280 contraria
1009 1217 1138 1281 cunetis
1149 1225 1172 1291 ‚'

268 1351 286 1393 θ
300 1331 435 1417 regione
450 1352 491 1395 ea
505 1330 599 1416 quod
612 1331 687 1396 loea
701 1353 775 1396 eum
789 1351 911 1396 venere
925 1330 1096 1404 volantes,

267 1445 382 1530 remigi
397 1445 518 1509 oblitae
533 1467 716 1531 pennarum
730 1447 805 1510 vela
819 1447 1000 1520 remittunt,

266 1560 533 1646 praecipitesque
549 1559 675 1624 eadunt
688 1561 777 1625 molli
793 1561 922 1624 cervice
937 1561 1096 1646 profusae

195 1691 253 1756 745ι
266 1673 300 1737 in
315 1684 439 1739 terram
449 1723 456 1750 ,
468 1675 495 1738 si
510 1674 598 1738 forte
613 1675 660 1738 ita
673 1675 739 1739 fert
753 1683 874 1740 natura
888 1676 1053 1751 locorum,

269 1789 374 1854 autin
389 1810 526 1873 aquam,
539 1797 591 1853 est
605 1789 633 1852 si
647 1789 735 1854 forte
751 1791 843 1854 lacus
858 1791 1048 1854 substratus
1063 1792 1202 1854 Averni.

267 1903 297 1967 is
313 1903 406 1967 loeus
422 1911 474 1968 est
489 1904 609 1969 Cumas
624 1913 722 1990 aput,
734 1907 803 1969 acri
818 1905 954 1990 sulpure
969 1913 1100 1969 montes

269 2018 395 2105 oppleti
410 2018 525 2082 calidis
539 2019 597 2082 ubi
611 2019 739 2084 fumant
752 2020 901 2085 sontibus
916 2020 1019 2094 aueti3

271 2141 321 2196 est
334 2141 374 2197 ut
387 2133 570 2199 Athenaeis
584 2135 618 2196 in
631 2135 821 2210 moenibus,
833 2135 919 2198 arcis
933 2135 968 2198 in
981 2135 1056 2219 ipso

197 2263 246 2310 750
267 2247 566 2324 vertice,Palladis
581 2247 624 2312 ad
639 2249 796 2336 templum
811 2247 996 2313 Tritonidis
1012 2249 1131 2324 almae,

270 2384 336 2446 quo
352 2385 530 2449 numquam
545 2364 664 2448 pennis
678 2364 852 2450 appellunt
866 2385 1010 2451 corpora
1025 2384 1146 2428 raucae

270 2478 421 2542 eorniees
431 2526 438 2552 ,
449 2499 517 2541 non
532 2499 607 2541 oum
621 2475 748 2540 fumant
762 2478 880 2541 altaria
894 2477 1009 2544 donis:

269 2612 376 2676 usque
392 2591 477 2655 adeo
491 2590 636 2674 fugitant
649 2610 716 2652 non
731 2591 799 2654 iras
814 2591 960 2656 Palladis
976 2593 1062 2656 aeris

269 2705 418 2790 pervigili
434 2725 550 2776 eausa,
563 2703 699 2766 Graium
713 2711 751 2767 ut
765 2705 915 2767 eeeinere
931 2711 1067 2789 poetae,

196 2836 245 2881 755
268 2817 330 2882 sed
344 2825 464 2881 natura
477 2817 543 2880 looi
558 2817 590 2880 vi
604 2817 679 2880 ibus
695 2817 799 2883 officit
812 2819 886 2904 ipsa
900 2827 1035 2904 suapte.

268 2933 302 2996 in
317 2932 416 3019 Syria
430 2952 566 3016 quoque
580 2931 686 2996 fertur
700 2932 778 2996 item
793 2933 888 2997 loeus
904 2954 981 2998 essa
995 2932 1118 3009 videri,

269 3045 494 3134 quadripedes
510 3067 645 3132 quoque
661 3069 727 3132 quo
743 3048 839 3112 simul
853 3070 892 3112 ao
906 3049 1048 3134 vestigia
1062 3049 1203 3134 primum

268 3162 459 3238 intulerint,
471 3159 617 3248 graviter
631 3163 682 3226 vis
698 3171 798 3250 cogat
812 3162 991 3227 concidere
1005 3163 1095 3250 ipsa,

266 3277 419 3341 manibus
432 3285 471 3340 ut
485 3277 513 3340 si
527 3277 564 3340 fit
579 3275 665 3340 divis
680 3278 834 3341 mactatu’
846 3287 1000 3365 repente.

134 3427 139 3436 ·
199 3409 248 3456 700
272 3393 382 3456 omnia
397 3413 482 3477 quae
497 3392 640 3455 naturali
655 3393 785 3456 ratione
799 3401 977 3476 geruntur,

272 3517 306 3572 et
321 3507 441 3593 quibus
459 3505 571 3570 effiant
587 3506 694 3570 causis
710 3513 851 3592 apparet
866 3506 975 3592 orig03

270 3624 369 3687 ianua
384 3635 427 3685 ne
441 3620 556 3685 Puteis
572 3620 651 3684 Orei
665 3621 855 3706 regionibus
871 3643 945 3686 esse

271 3735 444 3812 credatur,
455 3743 534 3822 post
548 3735 626 3799 hinc
643 3735 768 3799 animas
783 3736 985 3800 Acheruntis
1001 3737 1033 3800 in
1050 3757 1127 3800 oras

271 3851 393 3916 ducere
407 3851 495 3914 forte
512 3849 594 3914 deos
610 3851 714 3914 manis
727 3850 856 3914 inferne
870 3873 1015 3924 reamur,

273 4200 322 4247 736
345 4194 421 4246 albos
445 4193 573 4246 decedere
596 4195 605 4262 11
631 4201 680 4247 746
706 4194 778 4265 quod
801 4197 811 4266 ΙΙ
835 4201 883 4248 743
909 4195 1031 4266 Remigio
1060 4195 1070 4266 11
1097 4201 1146 4250 746
1171 4203 1213 4250 est
1235 4203 1369 4250 0077000400.
1390 4197 1400 4266 ll

272 4277 403 4332 subiratus
422 4276 432 4345 ΙΙ
451 4283 499 4329 747
515 4278 567 4329 ecri
582 4277 671 4347 suipor
689 4279 699 4348 ll
719 4284 767 4330 749
787 4277 841 4348 0011
861 4279 933 4348 piso.
953 4276 963 4347 11
983 4285 1031 4331 754
1049 4279 1145 4350 glaium
1165 4281 1176 4350 ΙΙ
1194 4287 1241 4332 755
1261 4278 1312 4331 loci
1332 4298 1399 4352 opus

273 4361 352 4414 efficit
376 4363 386 4430 tl
411 4365 459 4412 756
482 4358 535 4412 sint
559 4359 569 4428 11
594 4371 707 4414 07004040
732 4361 741 4428 ΙΙ
766 4367 812 4413 761
834 4379 848 4414 0
867 4361 930 4414 fiant
953 4361 963 4430 11
987 4380 1085 4433 apparo
1110 4362 1120 4431 11
1145 4363 1399 4432 76200401011764

274 4444 376 4496 inferna
