<?xml version="1.0" encoding="UTF-8"?>
<!DOCTYPE html PUBLIC "-//W3C//DTD XHTML 1.0 Transitional//EN"
    "http://www.w3.org/TR/xhtml1/DTD/xhtml1-transitional.dtd">
<html xmlns="http://www.w3.org/1999/xhtml" xml:lang="en" lang="en">
 <head>
  <title>
</title>
<meta http-equiv="Content-Type" content="text/html;charset=utf-8" />
  <meta name='ocr-system' content='tesseract 3.04.00' />
  <meta name='ocr-capabilities' content='ocr_page ocr_carea ocr_par ocr_line ocrx_word'/>
</head>
<body>
  <div class='ocr_page' id='page_1' title='image "./intlucretiicari00lachgoog_0048.png"; bbox 0 0 2946 5188; ppageno 0'>
   <div class='ocr_carea' id='block_1_1' title="bbox 609 477 641 548">
    <p class='ocr_par' dir='ltr' id='par_1_1' title="bbox 609 477 641 548">
     <span class='ocr_line' id='line_1_1' title="bbox 609 477 641 548; baseline 0 0"><span class='ocrx_word' id='word_1_1' title='bbox 609 477 641 548; x_wconf 91' lang='lat' dir='ltr'>Il</span> 
     </span>
    </p>
   </div>
   <div class='ocr_carea' id='block_1_2' title="bbox 25 651 1094 4171">
    <p class='ocr_par' dir='ltr' id='par_1_2' title="bbox 26 651 1006 1198">
     <span class='ocr_line' id='line_1_2' title="bbox 26 651 834 740; baseline -0.002 -20"><span class='ocrx_word' id='word_1_2' title='bbox 26 673 39 720; x_wconf 86' lang='grc' dir='ltr'>ο</span> <span class='ocrx_word' id='word_1_3' title='bbox 103 655 137 720; x_wconf 89' lang='lat' dir='ltr'>Si</span> <span class='ocrx_word' id='word_1_4' title='bbox 152 675 285 718; x_wconf 87' lang='lat' dir='ltr'>cessare</span> <span class='ocrx_word' id='word_1_5' title='bbox 301 659 399 738; x_wconf 88' lang='lat' dir='ltr'>putas</span> <span class='ocrx_word' id='word_1_6' title='bbox 413 673 523 716; x_wconf 88' lang='lat' dir='ltr'>rerum</span> <span class='ocrx_word' id='word_1_7' title='bbox 539 651 720 740; x_wconf 87' lang='lat' dir='ltr'>primordia</span> <span class='ocrx_word' id='word_1_8' title='bbox 734 671 834 740; x_wconf 86' lang='lat' dir='ltr'>posse</span> 
     </span>
     <span class='ocr_line' id='line_1_3' title="bbox 66 767 894 854; baseline 0 -22"><span class='ocrx_word' id='word_1_9' title='bbox 66 767 292 854; x_wconf 76' lang='lat' dir='ltr'>cessandoque</span> <span class='ocrx_word' id='word_1_10' title='bbox 307 788 415 833; x_wconf 83' lang='lat' dir='ltr'>novos</span> <span class='ocrx_word' id='word_1_11' title='bbox 429 787 540 831; x_wconf 84' lang='lat' dir='ltr'>rerum</span> <span class='ocrx_word' id='word_1_12' title='bbox 555 767 753 853; x_wconf 80' lang='lat' dir='ltr'><strong>progignere</strong></span> <span class='ocrx_word' id='word_1_13' title='bbox 768 777 894 844; x_wconf 79' lang='lat' dir='ltr'>motuS,</span> 
     </span>
     <span class='ocr_line' id='line_1_4' title="bbox 66 882 701 968; baseline -0.003 -21"><span class='ocrx_word' id='word_1_14' title='bbox 66 884 152 948; x_wconf 87' lang='lat' dir='ltr'>avius</span> <span class='ocrx_word' id='word_1_15' title='bbox 167 905 188 947; x_wconf 86' lang='lat' dir='ltr'>a</span> <span class='ocrx_word' id='word_1_16' title='bbox 202 905 284 947; x_wconf 83' lang='lat' dir='ltr'>vera</span> <span class='ocrx_word' id='word_1_17' title='bbox 298 884 397 968; x_wconf 89' lang='lat' dir='ltr'>longe</span> <span class='ocrx_word' id='word_1_18' title='bbox 411 882 541 946; x_wconf 83' lang='lat' dir='ltr'>ratione</span> <span class='ocrx_word' id='word_1_19' title='bbox 554 883 701 968; x_wconf 83' lang='lat' dir='ltr'>vagaris.</span> 
     </span>
     <span class='ocr_line' id='line_1_5' title="bbox 66 997 1006 1083; baseline 0 -22"><span class='ocrx_word' id='word_1_20' title='bbox 66 1020 134 1062; x_wconf 91' lang='lat' dir='ltr'>uam</span> <span class='ocrx_word' id='word_1_21' title='bbox 150 998 306 1083; x_wconf 88' lang='lat' dir='ltr'>quoniam</span> <span class='ocrx_word' id='word_1_22' title='bbox 321 1017 381 1082; x_wconf 89' lang='lat' dir='ltr'>per</span> <span class='ocrx_word' id='word_1_23' title='bbox 395 997 493 1060; x_wconf 87' lang='lat' dir='ltr'>inane</span> <span class='ocrx_word' id='word_1_24' title='bbox 507 1004 688 1082; x_wconf 73' lang='lat' dir='ltr'>vagantur,</span> <span class='ocrx_word' id='word_1_25' title='bbox 700 1005 822 1062; x_wconf 90' lang='lat' dir='ltr'>cuncta</span> <span class='ocrx_word' id='word_1_26' title='bbox 834 1005 1006 1062; x_wconf 81' lang='lat' dir='ltr'>necessest</span> 
     </span>
     <span class='ocr_line' id='line_1_6' title="bbox 66 1109 801 1198; baseline -0.003 -22"><span class='ocrx_word' id='word_1_27' title='bbox 66 1123 117 1176; x_wconf 90' lang='lat' dir='ltr'>aut</span> <span class='ocrx_word' id='word_1_28' title='bbox 130 1112 297 1198; x_wconf 86' lang='lat' dir='ltr'>gravitate</span> <span class='ocrx_word' id='word_1_29' title='bbox 311 1133 372 1176; x_wconf 91' lang='lat' dir='ltr'>sua</span> <span class='ocrx_word' id='word_1_30' title='bbox 385 1110 465 1176; x_wconf 86' lang='lat' dir='ltr'>ferri</span> <span class='ocrx_word' id='word_1_31' title='bbox 479 1109 661 1197; x_wconf 85' lang='lat' dir='ltr'>primordie</span> <span class='ocrx_word' id='word_1_32' title='bbox 674 1132 801 1185; x_wconf 89' lang='lat' dir='ltr'>rerum,</span> 
     </span>
    </p>

    <p class='ocr_par' dir='ltr' id='par_1_3' title="bbox 26 1225 1094 1769">
     <span class='ocr_line' id='line_1_7' title="bbox 26 1225 896 1312; baseline 0.005 -26"><span class='ocrx_word' id='word_1_33' title='bbox 26 1243 42 1288; x_wconf 80' lang='lat' dir='ltr'>u</span> <span class='ocrx_word' id='word_1_34' title='bbox 67 1235 118 1290; x_wconf 84' lang='lat' dir='ltr'>aut</span> <span class='ocrx_word' id='word_1_35' title='bbox 131 1227 200 1291; x_wconf 87' lang='lat' dir='ltr'>ictu</span> <span class='ocrx_word' id='word_1_36' title='bbox 215 1225 303 1291; x_wconf 82' lang='lat' dir='ltr'>forte</span> <span class='ocrx_word' id='word_1_37' title='bbox 318 1225 454 1289; x_wconf 88' lang='lat' dir='ltr'>alterius</span> <span class='ocrx_word' id='word_1_38' title='bbox 464 1276 471 1289; x_wconf 92' lang='lat'><strong>.</strong></span> <span class='ocrx_word' id='word_1_39' title='bbox 483 1246 559 1290; x_wconf 89' lang='lat' dir='ltr'>nam</span> <span class='ocrx_word' id='word_1_40' title='bbox 575 1246 650 1289; x_wconf 89' lang='lat' dir='ltr'>cum</span> <span class='ocrx_word' id='word_1_41' title='bbox 665 1225 731 1288; x_wconf 88' lang='lat' dir='ltr'>cita</span> <span class='ocrx_word' id='word_1_42' title='bbox 744 1246 845 1312; x_wconf 83' lang='lat' dir='ltr'>saepe</span> <span class='ocrx_word' id='word_1_43' title='bbox 892 1247 896 1254; x_wconf 87' lang='lat'><em>·</em></span> 
     </span>
     <span class='ocr_line' id='line_1_8' title="bbox 68 1339 773 1425; baseline -0.003 -21"><span class='ocrx_word' id='word_1_44' title='bbox 68 1341 160 1404; x_wconf 87' lang='lat' dir='ltr'>obvia</span> <span class='ocrx_word' id='word_1_45' title='bbox 174 1339 356 1404; x_wconf 81' lang='lat' dir='ltr'>conflixere</span> <span class='ocrx_word' id='word_1_46' title='bbox 365 1389 373 1416; x_wconf 89' lang='lat'>‚</span> <span class='ocrx_word' id='word_1_47' title='bbox 383 1339 422 1404; x_wconf 89' lang='lat' dir='ltr'>lit</span> <span class='ocrx_word' id='word_1_48' title='bbox 434 1348 473 1404; x_wconf 93' lang='lat' dir='ltr'>ut</span> <span class='ocrx_word' id='word_1_49' title='bbox 487 1339 621 1403; x_wconf 87' lang='lat' dir='ltr'>diversa</span> <span class='ocrx_word' id='word_1_50' title='bbox 635 1346 773 1425; x_wconf 90' lang='lat' dir='ltr'>repente</span> 
     </span>
     <span class='ocr_line' id='line_1_9' title="bbox 68 1451 981 1539; baseline 0 -21"><span class='ocrx_word' id='word_1_51' title='bbox 68 1453 241 1520; x_wconf 79' lang='lat' dir='ltr'>dissiliant:</span> <span class='ocrx_word' id='word_1_52' title='bbox 252 1475 362 1539; x_wconf 88' lang='lat' dir='ltr'>neque</span> <span class='ocrx_word' id='word_1_53' title='bbox 377 1455 462 1518; x_wconf 90' lang='lat' dir='ltr'>enim</span> <span class='ocrx_word' id='word_1_54' title='bbox 475 1453 609 1528; x_wconf 89' lang='lat' dir='ltr'>mirum,</span> <span class='ocrx_word' id='word_1_55' title='bbox 621 1451 797 1518; x_wconf 87' lang='lat' dir='ltr'>durissima</span> <span class='ocrx_word' id='word_1_56' title='bbox 812 1474 899 1538; x_wconf 87' lang='lat' dir='ltr'>quae</span> <span class='ocrx_word' id='word_1_57' title='bbox 913 1454 981 1518; x_wconf 85' lang='lat' dir='ltr'>sint</span> 
     </span>
     <span class='ocr_line' id='line_1_10' title="bbox 69 1566 1094 1654; baseline 0 -22"><span class='ocrx_word' id='word_1_58' title='bbox 69 1569 267 1654; x_wconf 88' lang='lat' dir='ltr'>ponderibus</span> <span class='ocrx_word' id='word_1_59' title='bbox 282 1566 398 1632; x_wconf 88' lang='lat' dir='ltr'>solidis</span> <span class='ocrx_word' id='word_1_60' title='bbox 413 1589 522 1654; x_wconf 87' lang='lat' dir='ltr'>noque</span> <span class='ocrx_word' id='word_1_61' title='bbox 537 1569 714 1653; x_wconf 88' lang='lat' dir='ltr'>quicquam</span> <span class='ocrx_word' id='word_1_62' title='bbox 729 1589 750 1631; x_wconf 91' lang='lat' dir='ltr'>a</span> <span class='ocrx_word' id='word_1_63' title='bbox 763 1575 859 1654; x_wconf 89' lang='lat' dir='ltr'>tergo</span> <span class='ocrx_word' id='word_1_64' title='bbox 873 1569 948 1632; x_wconf 92' lang='lat' dir='ltr'>ibus</span> <span class='ocrx_word' id='word_1_65' title='bbox 964 1569 1094 1632; x_wconf 81' lang='lat' dir='ltr'>obstet.</span> 
     </span>
     <span class='ocr_line' id='line_1_11' title="bbox 71 1683 716 1769; baseline -0.002 -23"><span class='ocrx_word' id='word_1_66' title='bbox 71 1691 100 1746; x_wconf 91' lang='lat' dir='ltr'>et</span> <span class='ocrx_word' id='word_1_67' title='bbox 114 1706 177 1769; x_wconf 94' lang='lat' dir='ltr'>quo</span> <span class='ocrx_word' id='word_1_68' title='bbox 193 1683 313 1747; x_wconf 83' lang='lat' dir='ltr'>iactari</span> <span class='ocrx_word' id='word_1_69' title='bbox 327 1685 430 1769; x_wconf 87' lang='lat' dir='ltr'>magis</span> <span class='ocrx_word' id='word_1_70' title='bbox 445 1683 555 1747; x_wconf 87' lang='lat' dir='ltr'>omnia</span> <span class='ocrx_word' id='word_1_71' title='bbox 568 1683 716 1747; x_wconf 86' lang='lat' dir='ltr'>materiai</span> 
     </span>
    </p>

    <p class='ocr_par' dir='ltr' id='par_1_4' title="bbox 25 1795 1009 2341">
     <span class='ocr_line' id='line_1_12' title="bbox 25 1795 868 1885; baseline 0 -27"><span class='ocrx_word' id='word_1_72' title='bbox 25 1813 47 1858; x_wconf 74' lang='lat' dir='ltr'>ac</span> <span class='ocrx_word' id='word_1_73' title='bbox 71 1818 206 1885; x_wconf 85' lang='lat' dir='ltr'>corpora</span> <span class='ocrx_word' id='word_1_74' title='bbox 220 1795 398 1882; x_wconf 76' lang='lat' dir='ltr'>pervideas</span> <span class='ocrx_word' id='word_1_75' title='bbox 408 1845 416 1871; x_wconf 92' lang='lat'>,</span> <span class='ocrx_word' id='word_1_76' title='bbox 426 1797 636 1861; x_wconf 88' lang='lat' dir='ltr'>reminiscere</span> <span class='ocrx_word' id='word_1_77' title='bbox 652 1797 755 1862; x_wconf 90' lang='lat' dir='ltr'>totius</span> <span class='ocrx_word' id='word_1_78' title='bbox 768 1797 868 1860; x_wconf 87' lang='lat' dir='ltr'>imum</span> 
     </span>
     <span class='ocr_line' id='line_1_13' title="bbox 72 1911 1009 1998; baseline -0.002 -21"><span class='ocrx_word' id='word_1_79' title='bbox 72 1913 110 1977; x_wconf 94' lang='lat' dir='ltr'>nil</span> <span class='ocrx_word' id='word_1_80' title='bbox 123 1933 194 1976; x_wconf 88' lang='lat' dir='ltr'>esso</span> <span class='ocrx_word' id='word_1_81' title='bbox 209 1913 246 1975; x_wconf 92' lang='lat' dir='ltr'>in</span> <span class='ocrx_word' id='word_1_82' title='bbox 259 1931 402 1985; x_wconf 88' lang='lat' dir='ltr'>summa,</span> <span class='ocrx_word' id='word_1_83' title='bbox 413 1931 522 1995; x_wconf 89' lang='lat' dir='ltr'>neque</span> <span class='ocrx_word' id='word_1_84' title='bbox 535 1911 659 1975; x_wconf 88' lang='lat' dir='ltr'>habere</span> <span class='ocrx_word' id='word_1_85' title='bbox 673 1911 730 1974; x_wconf 91' lang='lat' dir='ltr'>ubi</span> <span class='ocrx_word' id='word_1_86' title='bbox 746 1931 889 1998; x_wconf 89' lang='lat' dir='ltr'>corpora</span> <span class='ocrx_word' id='word_1_87' title='bbox 902 1912 1009 1994; x_wconf 90' lang='lat' dir='ltr'>prima</span> 
     </span>
     <span class='ocr_line' id='line_1_14' title="bbox 73 2022 987 2112; baseline -0.002 -22"><span class='ocrx_word' id='word_1_88' title='bbox 73 2031 265 2104; x_wconf 82' lang='lat' dir='ltr'>consistant3</span> <span class='ocrx_word' id='word_1_89' title='bbox 277 2025 433 2111; x_wconf 86' lang='lat' dir='ltr'>quoniam</span> <span class='ocrx_word' id='word_1_90' title='bbox 448 2026 592 2112; x_wconf 83' lang='lat' dir='ltr'>spatium</span> <span class='ocrx_word' id='word_1_91' title='bbox 606 2026 677 2088; x_wconf 89' lang='lat' dir='ltr'>siue</span> <span class='ocrx_word' id='word_1_92' title='bbox 690 2024 756 2088; x_wconf 88' lang='lat' dir='ltr'>fine</span> <span class='ocrx_word' id='word_1_93' title='bbox 770 2022 987 2108; x_wconf 85' lang='lat' dir='ltr'>modoquest,</span> 
     </span>
     <span class='ocr_line' id='line_1_15' title="bbox 75 2138 931 2227; baseline 0 -25"><span class='ocrx_word' id='word_1_94' title='bbox 75 2142 316 2227; x_wconf 86' lang='lat' dir='ltr'>inmensumque</span> <span class='ocrx_word' id='word_1_95' title='bbox 330 2149 447 2226; x_wconf 85' lang='lat' dir='ltr'>patere</span> <span class='ocrx_word' id='word_1_96' title='bbox 461 2141 495 2204; x_wconf 94' lang='lat' dir='ltr'>in</span> <span class='ocrx_word' id='word_1_97' title='bbox 511 2147 649 2204; x_wconf 89' lang='lat' dir='ltr'>cunctas</span> <span class='ocrx_word' id='word_1_98' title='bbox 662 2138 811 2223; x_wconf 90' lang='lat' dir='ltr'>undique</span> <span class='ocrx_word' id='word_1_99' title='bbox 825 2141 931 2226; x_wconf 86' lang='lat' dir='ltr'>partis</span> 
     </span>
     <span class='ocr_line' id='line_1_16' title="bbox 76 2252 902 2341; baseline -0.002 -23"><span class='ocrx_word' id='word_1_100' title='bbox 76 2255 214 2341; x_wconf 88' lang='lat' dir='ltr'>pluribus</span> <span class='ocrx_word' id='word_1_101' title='bbox 230 2252 363 2334; x_wconf 86' lang='lat' dir='ltr'>ostendi</span> <span class='ocrx_word' id='word_1_102' title='bbox 379 2261 412 2318; x_wconf 86' lang='lat' dir='ltr'>et</span> <span class='ocrx_word' id='word_1_103' title='bbox 427 2261 518 2318; x_wconf 86' lang='lat' dir='ltr'>certa</span> <span class='ocrx_word' id='word_1_104' title='bbox 531 2255 662 2319; x_wconf 89' lang='lat' dir='ltr'>rationo</span> <span class='ocrx_word' id='word_1_105' title='bbox 677 2253 902 2339; x_wconf 83' lang='lat' dir='ltr'>probatumst.</span> 
     </span>
    </p>

    <p class='ocr_par' dir='ltr' id='par_1_5' title="bbox 30 2366 970 2913">
     <span class='ocr_line' id='line_1_17' title="bbox 30 2366 970 2455; baseline -0.004 -21"><span class='ocrx_word' id='word_1_106' title='bbox 30 2383 53 2426; x_wconf 79' lang='lat' dir='ltr'>u</span> <span class='ocrx_word' id='word_1_107' title='bbox 78 2371 160 2453; x_wconf 92' lang='lat' dir='ltr'>quod</span> <span class='ocrx_word' id='word_1_108' title='bbox 173 2369 332 2455; x_wconf 90' lang='lat' dir='ltr'>quoniam</span> <span class='ocrx_word' id='word_1_109' title='bbox 348 2377 498 2444; x_wconf 84' lang='lat' dir='ltr'>constet,</span> <span class='ocrx_word' id='word_1_110' title='bbox 509 2369 544 2431; x_wconf 91' lang='lat' dir='ltr'>ni</span> <span class='ocrx_word' id='word_1_111' title='bbox 558 2368 674 2430; x_wconf 82' lang='lat' dir='ltr'>mirum</span> <span class='ocrx_word' id='word_1_112' title='bbox 684 2415 692 2441; x_wconf 93' lang='lat'>‚</span> <span class='ocrx_word' id='word_1_113' title='bbox 704 2366 794 2430; x_wconf 87' lang='lat' dir='ltr'>nulla</span> <span class='ocrx_word' id='word_1_114' title='bbox 809 2367 902 2451; x_wconf 88' lang='lat' dir='ltr'>quies</span> <span class='ocrx_word' id='word_1_115' title='bbox 918 2375 970 2430; x_wconf 90' lang='lat' dir='ltr'>est</span> 
     </span>
     <span class='ocr_line' id='line_1_18' title="bbox 79 2479 962 2570; baseline -0.005 -24"><span class='ocrx_word' id='word_1_116' title='bbox 79 2483 198 2548; x_wconf 86' lang='lat' dir='ltr'>reddita</span> <span class='ocrx_word' id='word_1_117' title='bbox 215 2484 414 2570; x_wconf 83' lang='lat' dir='ltr'>corporibus</span> <span class='ocrx_word' id='word_1_118' title='bbox 429 2483 542 2568; x_wconf 89' lang='lat' dir='ltr'>primis</span> <span class='ocrx_word' id='word_1_119' title='bbox 558 2482 731 2569; x_wconf 88' lang='lat' dir='ltr'>perinane</span> <span class='ocrx_word' id='word_1_120' title='bbox 747 2479 962 2566; x_wconf 85' lang='lat' dir='ltr'>profundum,</span> 
     </span>
     <span class='ocr_line' id='line_1_19' title="bbox 78 2597 846 2686; baseline -0.001 -26"><span class='ocrx_word' id='word_1_121' title='bbox 78 2597 130 2661; x_wconf 90' lang='lat' dir='ltr'>sed</span> <span class='ocrx_word' id='word_1_122' title='bbox 142 2599 246 2686; x_wconf 85' lang='lat' dir='ltr'>magis</span> <span class='ocrx_word' id='word_1_123' title='bbox 260 2597 404 2662; x_wconf 89' lang='lat' dir='ltr'>adsiduo</span> <span class='ocrx_word' id='word_1_124' title='bbox 418 2598 579 2682; x_wconf 85' lang='lat' dir='ltr'>varioque</span> <span class='ocrx_word' id='word_1_125' title='bbox 594 2597 740 2660; x_wconf 83' lang='lat' dir='ltr'>exercita</span> <span class='ocrx_word' id='word_1_126' title='bbox 753 2602 846 2659; x_wconf 92' lang='lat' dir='ltr'>motu</span> 
     </span>
     <span class='ocr_line' id='line_1_20' title="bbox 80 2708 882 2798; baseline -0.005 -22"><span class='ocrx_word' id='word_1_127' title='bbox 80 2715 184 2797; x_wconf 87' lang='lat' dir='ltr'>partim</span> <span class='ocrx_word' id='word_1_128' title='bbox 199 2712 384 2778; x_wconf 83' lang='lat' dir='ltr'>intervallis</span> <span class='ocrx_word' id='word_1_129' title='bbox 398 2714 525 2798; x_wconf 83' lang='lat' dir='ltr'>magnis</span> <span class='ocrx_word' id='word_1_130' title='bbox 540 2709 690 2776; x_wconf 85' lang='lat' dir='ltr'>confulta</span> <span class='ocrx_word' id='word_1_131' title='bbox 703 2708 882 2783; x_wconf 85' lang='lat' dir='ltr'>resultent,</span> 
     </span>
     <span class='ocr_line' id='line_1_21' title="bbox 80 2824 896 2913; baseline -0.006 -23"><span class='ocrx_word' id='word_1_132' title='bbox 80 2849 146 2912; x_wconf 86' lang='lat' dir='ltr'>pars</span> <span class='ocrx_word' id='word_1_133' title='bbox 160 2829 259 2892; x_wconf 87' lang='lat' dir='ltr'>etiam</span> <span class='ocrx_word' id='word_1_134' title='bbox 273 2827 431 2892; x_wconf 83' lang='lat' dir='ltr'>brevibus</span> <span class='ocrx_word' id='word_1_135' title='bbox 446 2827 563 2913; x_wconf 87' lang='lat' dir='ltr'>spatiis</span> <span class='ocrx_word' id='word_1_136' title='bbox 578 2833 742 2888; x_wconf 84' lang='lat' dir='ltr'>vexantur</span> <span class='ocrx_word' id='word_1_137' title='bbox 758 2824 800 2888; x_wconf 87' lang='lat' dir='ltr'>ab</span> <span class='ocrx_word' id='word_1_138' title='bbox 815 2824 896 2887; x_wconf 87' lang='lat' dir='ltr'>ictu.</span> 
     </span>
    </p>

    <p class='ocr_par' dir='ltr' id='par_1_6' title="bbox 33 2939 958 3485">
     <span class='ocr_line' id='line_1_22' title="bbox 33 2939 858 3027; baseline -0.005 -23"><span class='ocrx_word' id='word_1_139' title='bbox 33 2955 64 2997; x_wconf 76' lang='lat' dir='ltr'>uu</span> <span class='ocrx_word' id='word_1_140' title='bbox 82 2949 110 3005; x_wconf 87' lang='lat' dir='ltr'>et</span> <span class='ocrx_word' id='word_1_141' title='bbox 121 2963 204 3027; x_wconf 85' lang='lat' dir='ltr'>quae</span> <span class='ocrx_word' id='word_1_142' title='bbox 219 2963 361 3027; x_wconf 90' lang='lat' dir='ltr'>cumque</span> <span class='ocrx_word' id='word_1_143' title='bbox 375 2942 478 3027; x_wconf 84' lang='lat' dir='ltr'>magis</span> <span class='ocrx_word' id='word_1_144' title='bbox 494 2939 665 3005; x_wconf 84' lang='lat' dir='ltr'>condenso</span> <span class='ocrx_word' id='word_1_145' title='bbox 682 2939 858 3003; x_wconf 89' lang='lat' dir='ltr'>conciliatu</span> 
     </span>
     <span class='ocr_line' id='line_1_23' title="bbox 82 3053 764 3142; baseline -0.006 -24"><span class='ocrx_word' id='word_1_146' title='bbox 82 3057 193 3142; x_wconf 84' lang='lat' dir='ltr'>exiguis</span> <span class='ocrx_word' id='word_1_147' title='bbox 207 3055 392 3121; x_wconf 87' lang='lat' dir='ltr'>intervallis</span> <span class='ocrx_word' id='word_1_148' title='bbox 407 3062 570 3119; x_wconf 84' lang='lat' dir='ltr'>convecta</span> <span class='ocrx_word' id='word_1_149' title='bbox 583 3053 764 3124; x_wconf 82' lang='lat' dir='ltr'>resultant,</span> 
     </span>
     <span class='ocr_line' id='line_1_24' title="bbox 82 3165 762 3257; baseline -0.007 -25"><span class='ocrx_word' id='word_1_150' title='bbox 82 3169 265 3257; x_wconf 82' lang='lat' dir='ltr'>indupedita</span> <span class='ocrx_word' id='word_1_151' title='bbox 279 3171 347 3234; x_wconf 89' lang='lat' dir='ltr'>suis</span> <span class='ocrx_word' id='word_1_152' title='bbox 361 3169 531 3254; x_wconf 87' lang='lat' dir='ltr'>perplexis</span> <span class='ocrx_word' id='word_1_153' title='bbox 545 3167 620 3254; x_wconf 88' lang='lat' dir='ltr'>ipsa</span> <span class='ocrx_word' id='word_1_154' title='bbox 632 3165 762 3253; x_wconf 84' lang='lat' dir='ltr'>liguria,</span> 
     </span>
     <span class='ocr_line' id='line_1_25' title="bbox 83 3279 758 3350; baseline -0.006 -4"><span class='ocrx_word' id='word_1_155' title='bbox 83 3283 153 3348; x_wconf 84' lang='lat' dir='ltr'>haec</span> <span class='ocrx_word' id='word_1_156' title='bbox 165 3283 295 3350; x_wconf 83' lang='lat' dir='ltr'>validas</span> <span class='ocrx_word' id='word_1_157' title='bbox 310 3285 383 3348; x_wconf 87' lang='lat' dir='ltr'>saxi</span> <span class='ocrx_word' id='word_1_158' title='bbox 396 3282 528 3348; x_wconf 87' lang='lat' dir='ltr'>radices</span> <span class='ocrx_word' id='word_1_159' title='bbox 544 3291 578 3346; x_wconf 92' lang='lat' dir='ltr'>et</span> <span class='ocrx_word' id='word_1_160' title='bbox 591 3280 664 3345; x_wconf 85' lang='lat' dir='ltr'>fera</span> <span class='ocrx_word' id='word_1_161' title='bbox 678 3279 758 3344; x_wconf 87' lang='lat' dir='ltr'>ferri</span> 
     </span>
     <span class='ocr_line' id='line_1_26' title="bbox 84 3379 958 3485; baseline -0.008 -23"><span class='ocrx_word' id='word_1_162' title='bbox 84 3419 214 3485; x_wconf 87' lang='lat' dir='ltr'>corpora</span> <span class='ocrx_word' id='word_1_163' title='bbox 229 3379 453 3474; x_wconf 83' lang='lat' dir='ltr'>constituunt,</span> <span class='ocrx_word' id='word_1_164' title='bbox 467 3407 500 3462; x_wconf 89' lang='lat' dir='ltr'>et</span> <span class='ocrx_word' id='word_1_165' title='bbox 514 3405 628 3462; x_wconf 88' lang='lat' dir='ltr'>cetera</span> <span class='ocrx_word' id='word_1_166' title='bbox 643 3394 686 3459; x_wconf 89' lang='lat' dir='ltr'>de</span> <span class='ocrx_word' id='word_1_167' title='bbox 700 3413 823 3481; x_wconf 86' lang='lat' dir='ltr'>genere</span> <span class='ocrx_word' id='word_1_168' title='bbox 837 3393 958 3458; x_wconf 90' lang='lat' dir='ltr'>horum</span> 
     </span>
    </p>

    <p class='ocr_par' dir='ltr' id='par_1_7' title="bbox 37 3511 985 4059">
     <span class='ocr_line' id='line_1_27' title="bbox 37 3511 982 3600; baseline 0.004 -33"><span class='ocrx_word' id='word_1_169' title='bbox 37 3524 67 3570; x_wconf 73' lang='lat' dir='ltr'>ui</span> <span class='ocrx_word' id='word_1_170' title='bbox 84 3515 213 3597; x_wconf 84' lang='lat' dir='ltr'>paucula</span> <span class='ocrx_word' id='word_1_171' title='bbox 228 3535 314 3600; x_wconf 88' lang='lat' dir='ltr'>quae</span> <span class='ocrx_word' id='word_1_172' title='bbox 329 3534 432 3598; x_wconf 87' lang='lat' dir='ltr'>porro</span> <span class='ocrx_word' id='word_1_173' title='bbox 448 3533 601 3598; x_wconf 85' lang='lat' dir='ltr'>maguum</span> <span class='ocrx_word' id='word_1_174' title='bbox 615 3531 676 3597; x_wconf 89' lang='lat' dir='ltr'>per</span> <span class='ocrx_word' id='word_1_175' title='bbox 690 3511 788 3574; x_wconf 87' lang='lat' dir='ltr'>inane</span> <span class='ocrx_word' id='word_1_176' title='bbox 802 3516 982 3595; x_wconf 82' lang='lat' dir='ltr'>vagantur.</span> 
     </span>
     <span class='ocr_line' id='line_1_28' title="bbox 85 3627 860 3713; baseline -0.004 -23"><span class='ocrx_word' id='word_1_177' title='bbox 85 3635 183 3692; x_wconf 88' lang='lat' dir='ltr'>cetera</span> <span class='ocrx_word' id='word_1_178' title='bbox 198 3628 365 3694; x_wconf 89' lang='lat' dir='ltr'>dissiliunt</span> <span class='ocrx_word' id='word_1_179' title='bbox 377 3627 494 3713; x_wconf 90' lang='lat' dir='ltr'>louge,</span> <span class='ocrx_word' id='word_1_180' title='bbox 505 3627 671 3712; x_wconf 84' lang='lat' dir='ltr'>longeque</span> <span class='ocrx_word' id='word_1_181' title='bbox 684 3631 860 3688; x_wconf 76' lang='lat' dir='ltr'>recursant</span> 
     </span>
     <span class='ocr_line' id='line_1_29' title="bbox 85 3741 776 3830; baseline 0 -28"><span class='ocrx_word' id='word_1_182' title='bbox 85 3741 112 3802; x_wconf 90' lang='lat' dir='ltr'>iu</span> <span class='ocrx_word' id='word_1_183' title='bbox 125 3745 247 3830; x_wconf 85' lang='lat' dir='ltr'>maguis</span> <span class='ocrx_word' id='word_1_184' title='bbox 261 3742 461 3808; x_wconf 87' lang='lat' dir='ltr'>intervallis:</span> <span class='ocrx_word' id='word_1_185' title='bbox 473 3742 558 3805; x_wconf 87' lang='lat' dir='ltr'>haec</span> <span class='ocrx_word' id='word_1_186' title='bbox 574 3747 652 3804; x_wconf 72' lang='lat' dir='ltr'>adra</span> <span class='ocrx_word' id='word_1_187' title='bbox 665 3759 776 3802; x_wconf 87' lang='lat' dir='ltr'>rarum</span> 
     </span>
     <span class='ocr_line' id='line_1_30' title="bbox 85 3852 846 3941; baseline -0.001 -25"><span class='ocrx_word' id='word_1_188' title='bbox 85 3857 241 3922; x_wconf 85' lang='lat' dir='ltr'>sufficiunt</span> <span class='ocrx_word' id='word_1_189' title='bbox 258 3857 356 3923; x_wconf 92' lang='lat' dir='ltr'>uobis</span> <span class='ocrx_word' id='word_1_190' title='bbox 373 3865 407 3921; x_wconf 90' lang='lat' dir='ltr'>et</span> <span class='ocrx_word' id='word_1_191' title='bbox 420 3853 599 3941; x_wconf 89' lang='lat' dir='ltr'>splendida</span> <span class='ocrx_word' id='word_1_192' title='bbox 613 3854 735 3918; x_wconf 89' lang='lat' dir='ltr'>lumina</span> <span class='ocrx_word' id='word_1_193' title='bbox 748 3852 846 3923; x_wconf 85' lang='lat' dir='ltr'>solis,</span> 
     </span>
     <span class='ocr_line' id='line_1_31' title="bbox 86 3967 985 4059; baseline -0.001 -28"><span class='ocrx_word' id='word_1_194' title='bbox 86 3970 241 4059; x_wconf 75' lang='lat' dir='ltr'>nullaque</span> <span class='ocrx_word' id='word_1_195' title='bbox 255 3979 433 4059; x_wconf 88' lang='lat' dir='ltr'>praeterea</span> <span class='ocrx_word' id='word_1_196' title='bbox 446 3989 600 4056; x_wconf 89' lang='lat' dir='ltr'>magnum</span> <span class='ocrx_word' id='word_1_197' title='bbox 615 3989 676 4055; x_wconf 87' lang='lat' dir='ltr'>per</span> <span class='ocrx_word' id='word_1_198' title='bbox 689 3967 789 4032; x_wconf 88' lang='lat' dir='ltr'>inane</span> <span class='ocrx_word' id='word_1_199' title='bbox 804 3973 985 4051; x_wconf 85' lang='lat' dir='ltr'>vagantur,</span> 
     </span>
    </p>

    <p class='ocr_par' dir='ltr' id='par_1_8' title="bbox 41 4083 910 4171">
     <span class='ocr_line' id='line_1_32' title="bbox 41 4083 910 4171; baseline -0.001 -27"><span class='ocrx_word' id='word_1_200' title='bbox 41 4093 70 4138; x_wconf 70' lang='lat'>110</span> <span class='ocrx_word' id='word_1_201' title='bbox 87 4087 219 4152; x_wconf 85' lang='lat' dir='ltr'>conciliis</span> <span class='ocrx_word' id='word_1_202' title='bbox 233 4107 345 4151; x_wconf 84' lang='lat' dir='ltr'>rerum</span> <span class='ocrx_word' id='word_1_203' title='bbox 361 4103 447 4171; x_wconf 86' lang='lat' dir='ltr'>quae</span> <span class='ocrx_word' id='word_1_204' title='bbox 460 4093 539 4148; x_wconf 90' lang='lat' dir='ltr'>sunt</span> <span class='ocrx_word' id='word_1_205' title='bbox 552 4083 677 4148; x_wconf 87' lang='lat' dir='ltr'>reiecta</span> <span class='ocrx_word' id='word_1_206' title='bbox 691 4101 754 4144; x_wconf 90' lang='lat' dir='ltr'>nec</span> <span class='ocrx_word' id='word_1_207' title='bbox 768 4101 910 4166; x_wconf 82' lang='lat' dir='ltr'>usquam</span> 
     </span>
    </p>
   </div>
   <div class='ocr_carea' id='block_1_3' title="bbox 90 4357 1200 4517">
    <p class='ocr_par' dir='ltr' id='par_1_9' title="bbox 90 4357 1200 4517">
     <span class='ocr_line' id='line_1_33' title="bbox 90 4357 1200 4435; baseline -0.012 -19"><span class='ocrx_word' id='word_1_208' title='bbox 90 4369 114 4412; x_wconf 69' lang='lat' dir='ltr'>ru</span> <span class='ocrx_word' id='word_1_209' title='bbox 132 4367 190 4417; x_wconf 84' lang='lat' dir='ltr'>terri</span> <span class='ocrx_word' id='word_1_210' title='bbox 217 4365 227 4435; x_wconf 85' lang='grc' dir='ltr'>ΙΙ</span> <span class='ocrx_word' id='word_1_211' title='bbox 254 4371 286 4418; x_wconf 82' lang='grc'>85</span> <span class='ocrx_word' id='word_1_212' title='bbox 305 4383 365 4418; x_wconf 82' lang='lat' dir='ltr'>euin</span> <span class='ocrx_word' id='word_1_213' title='bbox 383 4373 517 4420; x_wconf 76' lang='lat' dir='ltr'>omissum.</span> <span class='ocrx_word' id='word_1_214' title='bbox 545 4365 555 4432; x_wconf 73' lang='lat' dir='ltr'>tl</span> <span class='ocrx_word' id='word_1_215' title='bbox 583 4369 615 4415; x_wconf 89' lang='grc'>86</span> <span class='ocrx_word' id='word_1_216' title='bbox 633 4361 783 4415; x_wconf 87' lang='lat' dir='ltr'>conflexcrc</span> <span class='ocrx_word' id='word_1_217' title='bbox 801 4361 811 4430; x_wconf 74' lang='grc' dir='ltr'>ΙΙ</span> <span class='ocrx_word' id='word_1_218' title='bbox 833 4361 870 4414; x_wconf 89' lang='lat' dir='ltr'>uti</span> <span class='ocrx_word' id='word_1_219' title='bbox 897 4361 907 4428; x_wconf 72' lang='lat' dir='ltr'>tl</span> <span class='ocrx_word' id='word_1_220' title='bbox 935 4365 967 4411; x_wconf 89' lang='grc'>88</span> <span class='ocrx_word' id='word_1_221' title='bbox 985 4359 1105 4428; x_wconf 79' lang='lat' dir='ltr'>tergibus</span> <span class='ocrx_word' id='word_1_222' title='bbox 1131 4357 1141 4424; x_wconf 77' lang='grc' dir='ltr'>Η</span> <span class='ocrx_word' id='word_1_223' title='bbox 1169 4361 1200 4404; x_wconf 77' lang='lat' dir='ltr'>ut</span> 
     </span>
     <span class='ocr_line' id='line_1_34' title="bbox 91 4439 1151 4517; baseline -0.004 -25"><span class='ocrx_word' id='word_1_224' title='bbox 91 4445 194 4501; x_wconf 81' lang='lat' dir='ltr'>ostendit</span> <span class='ocrx_word' id='word_1_225' title='bbox 210 4459 236 4503; x_wconf 85' lang='lat' dir='ltr'>et</span> <span class='ocrx_word' id='word_1_226' title='bbox 254 4449 264 4517; x_wconf 78' lang='grc'>11</span> <span class='ocrx_word' id='word_1_227' title='bbox 284 4455 316 4502; x_wconf 81' lang='grc'>95</span> <span class='ocrx_word' id='word_1_228' title='bbox 335 4448 417 4502; x_wconf 84' lang='lat' dir='ltr'>multa</span> <span class='ocrx_word' id='word_1_229' title='bbox 434 4445 444 4516; x_wconf 75' lang='lat' dir='ltr'>ll</span> <span class='ocrx_word' id='word_1_230' title='bbox 463 4451 496 4500; x_wconf 83' lang='grc'>89</span> <span class='ocrx_word' id='word_1_231' title='bbox 514 4448 620 4501; x_wconf 86' lang='lat' dir='ltr'>brevius</span> <span class='ocrx_word' id='word_1_232' title='bbox 639 4446 649 4516; x_wconf 73' lang='lat' dir='ltr'>tt</span> <span class='ocrx_word' id='word_1_233' title='bbox 670 4453 717 4500; x_wconf 79' lang='lat'>10⁴</span> <span class='ocrx_word' id='word_1_234' title='bbox 736 4445 769 4498; x_wconf 89' lang='lat' dir='ltr'>dc</span> <span class='ocrx_word' id='word_1_235' title='bbox 786 4453 918 4501; x_wconf 60' lang='lat' dir='ltr'>ornacum.</span> <span class='ocrx_word' id='word_1_236' title='bbox 938 4445 948 4512; x_wconf 73' lang='lat' dir='ltr'>tl</span> <span class='ocrx_word' id='word_1_237' title='bbox 970 4449 1016 4496; x_wconf 80' lang='lat'>105</span> <span class='ocrx_word' id='word_1_238' title='bbox 1035 4439 1151 4493; x_wconf 86' lang='lat' dir='ltr'>Paucuia</span> 
     </span>
    </p>
   </div>
   <div class='ocr_carea' id='block_1_4' title="bbox 0 0 1510 5188">
    <p class='ocr_par' dir='ltr' id='par_1_10' title="bbox 0 0 1510 5188">
     <span class='ocr_line' id='line_1_35' title="bbox 0 0 1510 5188; baseline 0 0"><span class='ocrx_word' id='word_1_239' title='bbox 0 0 1510 5188; x_wconf 95' lang='lat' dir='ltr'> </span> 
     </span>
    </p>
   </div>
  </div>
 </body>
</html>
