3034 5204
670 493 844 550 1110111010
1292 486 1313 552 9

201 653 372 740 dragenos
387 661 566 738 septenos,
579 673 773 738 perpaucae
784 653 1023 741 quadragenos
1039 661 1182 720 octonos
1196 615 1316 722 versus

199 752 484 838 complectantur,
498 751 616 816 ultima
631 751 869 839 quadragenos
881 759 997 817 ternos
1009 753 1213 844 contineat';
1228 777 1315 841 quae

200 872 401 937 quamquam
416 849 519 936 paulo
535 851 700 916 curiosius
715 850 872 934 exposita
886 850 1024 926 vellem,
1040 873 1188 918 summae
1203 860 1316 919 tamen
1418 876 1428 900 ⁸

200 949 392 1014 0111011101·
413 969 451 1014 se
466 949 694 1014 conveniunt.
715 957 786 1014 tum
806 969 875 1013 nna
894 948 1023 1014 scheda
1043 937 1169 1036 periit,
1191 952 1227 1016 in
1248 973 1317 1038 qua

199 1046 337 1111 fuerunt
350 1067 471 1112 versus
483 1046 561 1112 libri
576 1069 601 1111 ιι
613 1047 720 1112 457-
730 1047 791 1111 640
808 1095 816 1122 ,
837 1069 976 1112 numero
993 1048 1067 1133 (101
1081 1050 1168 1114 enim
1181 1051 1216 1114 in
1231 1073 1315 1137 qua·
1442 1101 1446 1108 .

200 1144 299 1210 01010
315 1147 416 1231 sunt)
433 1145 509 1220 188,
525 1146 582 1232 qui
597 1153 677 1211 sunt
691 1153 813 1231 quater
827 1145 1037 1233 quadrageni
1060 1149 1215 1233 septeni.
1235 1170 1314 1214 nam

200 1265 221 1308 a
235 1264 336 1308 versu
350 1244 428 1309 libri
443 1267 469 1308 11
484 1243 543 1310 641
559 1244 690 1308 initium
705 1243 834 1308 ducunt
849 1241 998 1309 schedae
1013 1243 1317 1323 vindobonenses,

200 1342 323 1428 quibus
338 1341 487 1408 eiusdem
502 1340 630 1406 codicis
651 1341 852 1428 particulam
866 1341 1033 1413 contineri
1047 1342 1129 1408 mihi
1143 1345 1226 1410 satis
1242 1365 1315 1410 cer-

200 1447 272 1504 tum
286 1440 438 1517 videtur3
455 1438 549 1525 quod
559 1439 774 1504 manifestum
784 1439 898 1505 lacere
909 1460 1062 1526 possem,
1077 1441 1141 1506 nisi
1152 1441 1316 1508 Purman-

200 1559 264 1602 nus
274 1561 308 1626 p.
321 1537 358 1604 15
370 1545 406 1604 et
419 1537 456 1604 16
468 1537 718 1603 dissertationis
732 1537 769 1602 in
784 1537 1010 1602 describenda
1020 1538 1223 1604 schedarum
1235 1561 1316 1606 con·

201 1635 340 1701 dicione
349 1644 488 1700 auctore
498 1657 580 1702 usus
593 1644 684 1700 esset
694 1657 814 1723 parum
823 1634 966 1714 idoneo,
982 1637 1040 1722 qui
1049 1636 1170 1702 101100
1181 1639 1316 1724 quidem
1349 1707 1352 1714 ,

201 1727 378 1800 didicisset
392 1733 435 1799 de
450 1733 571 1798 laceris
586 1755 626 1799 ac
645 1733 808 1820 dispersis
823 1736 1016 1800 necessario
1033 1743 1117 1820 quot
1129 1737 1164 1802 in
1180 1743 1316 1824 quaque

201 1833 325 1919 pagina
346 1853 466 1898 versus
492 1839 608 1896 essent
632 1831 813 1896 dicendum
836 1852 933 1897 esse.
958 1841 1094 1898 constat
1118 1847 1229 1900 tamen
1252 1837 1318 1902 has

202 1929 349 1995 schedas
358 1929 487 2016 pariter
498 1937 601 2016 atque
610 1929 822 1996 Haunienses
832 1930 961 1998 habere
969 1933 1112 2018 paginas
1122 1935 1317 2020 bipertitas:

200 2027 428 2093 Endlicherus
449 2028 485 2091 in
506 2025 661 2114 catalogo
684 2027 839 2092 codicum
858 2026 1174 2096 Vindobonensium
1195 2057 1207 2097 1
1228 2059 1261 2122 p.
1276 2035 1317 2100 54

202 2149 260 2192 cas
272 2121 320 2191 ‘in
336 2127 432 2192 folio’
455 2127 601 2213 scriptas
616 2125 716 2203 dicit,
734 2121 1007 2192 Purmannus‘in
1022 2135 1144 2213 quarto
1159 2133 1318 2197 maiore':

202 2225 339 2292 saeculo
362 2225 493 2290 decimo
514 2226 579 2292 has
601 2225 766 2291 adscribit
786 2223 1032 2300 Endlicherus‚
1056 2224 1317 2312 Gottorpienses

203 2333 325 2390 octavo
347 2345 483 2389 nonove
503 2323 600 2389 nimis
621 2323 806 2388 liberaliter
822 2323 977 2388 Gudius.
998 2322 1085 2389 liber
1098 2325 1246 2390 Lucretii
1264 2347 1317 2392 se-

203 2421 334 2488 cundus
350 2424 393 2488 ab
413 2443 454 2486 eo
474 2443 574 2487 versu
598 2443 697 2508 quem
709 2420 790 2486 ’111111
809 2427 903 2486 10110
923 2421 1161 2510 (641-1174)
1181 2433 1319 2509 praeter

202 2543 322 2586 versus
334 2521 402 2586 duo
415 2529 450 2586 et
464 2521 710 2608 quinquaginta
723 2521 800 2606 (757
807 2519 936 2605 -806)
952 2519 1112 2598 omissos,
1132 2523 1212 2588 item
1226 2525 1319 2590 tertii

203 2641 323 2684 versus
342 2620 442 2706 primi
462 2619 548 2696 621,
569 2639 656 2705 quae
676 2618 773 2684 simul
794 2617 944 2683 efficiunt
964 2639 1083 2684 versus
1105 2623 1319 2714 conscriptos

206 2717 303 2794 1120,
317 2717 385 2782 hoc
396 2723 449 2782 est
459 2717 586 2783 viciens
599 2723 720 2802 quater
732 2715 970 2803 quadragenos
982 2726 1143 2804 septenos
1155 2727 1190 2785 et
1200 2743 1318 2800 unum,

204 2835 245 2880 ea
256 2816 379 2881 suntin
392 2837 453 2880 sex
463 2816 633 2902 prioribus
649 2814 785 2880 schedis
796 2814 1141 2892 deobonensibus,
1156 2819 1319 2888 columnis

203 2937 302 2979 xxiv:
317 2935 394 2978 nam
410 2913 503 3000 quod
518 2921 570 2978 est
585 2913 678 2998 apud
691 2913 918 2978 Purmannum
932 2935 964 2998 p.
979 2907 1253 2989 10,Ἱ)0011111101.
1265 2921 1318 2996 14,

203 3013 244 3089 b,
264 3012 313 3088 1,’
334 3013 400 3077 hoc
416 3019 469 3078 est
483 3013 637 3078 columna
652 3035 760 3087 xxm,
782 3032 870 3096 quae
885 3020 938 3075 est
952 3010 1181 3096 paenultima,
1201 3037 1318 3080 verum

205 3132 280 3176 esse
290 3133 360 3176 non
370 3117 505 3196 potest,
522 3111 551 3175 si
560 3131 624 3174 100
637 3107 776 3174 credere
789 3108 940 3195 postulat
952 3128 1040 3192 quae
1051 3111 1217 3187 subiecit,
1235 3108 1319 3178 ‘non

205 3231 272 3272 una
284 3229 323 3274 re
337 3229 502 3294 apparere
517 3207 639 3272 librmn
654 3205 732 3270 olim
746 3207 914 3293 integrum
934 3205 1039 3270 fuisse
1053 3207 1076 3269 .’
1098 3207 1160 3274 sed
1181 3209 1320 3296 reliquis

206 3307 368 3374 columnis
380 3306 652 3392 quattuordecim
664 3307 735 3392 (tot
747 3305 834 3370 enim
845 3311 1044 3390 supersunt:
1056 3326 1132 3372 nam
1144 3307 1179 3374 in
1191 3307 1322 3374 scheda

206 3405 335 3471 decima
355 3427 454 3470 versa
470 3405 634 3491 scriptum
650 3412 703 3469 001
716 3403 886 3469 Iuvenalis
901 3404 1081 3468 satirarum
1094 3406 1244 3492 initium)
1259 3429 1320 3472 nu-

205 3505 288 3570 meri
301 3505 514 3569 Haunienses
528 3525 598 3568 non
613 3505 839 3578 conveniunt,
862 3503 925 3568 sed
940 3502 1119 3590 ampliores
1137 3528 1145 3582 3
1167 3526 1271 3592 quare
1286 3507 1322 3570 in

205 3601 259 3668 his
274 3604 477 3690 scripturam
492 3603 647 3689 suspicor
665 3623 740 3667 esse
755 3602 985 3688 angustiorem
1000 3649 1008 3665 .
1032 3609 1085 3667 est
1100 3603 1186 3667 enim
1201 3604 1249 3670 ibi
1264 3627 1321 3670 ex-

207 3706 314 3766 trema
334 3723 415 3788 pars
435 3700 512 3765 libri
534 3701 621 3764 sexti
636 3721 657 3762 a
669 3721 771 3766 versu
785 3699 870 3776 740,
891 3721 1010 3764 versus
1026 3698 1109 3776 558,
1132 3707 1203 3766 tum
1224 3711 1323 3769 extra

208 3798 318 3875 clusa,
332 3821 452 3864 versus
466 3797 527 3861 212
542 3821 550 3874 3
572 3797 628 3881 qui
643 3795 727 3861 fiunt
742 3797 840 3862 simul
852 3819 974 3862 versus
989 3797 1069 3862 770.
1082 3799 1171 3862 ratio
1187 3800 1323 3864 confici·

208 3906 280 3972 tur,
296 3897 404 3982 sibae
419 3896 593 3960 columnae
609 3893 882 3978 quattuordecim
904 3895 1056 3980 singulae
1071 3905 1151 3960 sunt
1164 3919 1323 3962 versuum

209 3997 482 4082 quinquagenum
497 3992 650 4079 quinum.
1378 4071 1385 4078 ·

291 4093 399 4158 Nimis
414 4091 519 4157 multa
532 4087 613 4154 mihi
628 4087 672 4153 de
686 4089 727 4152 iis
743 4109 829 4172 quae
846 4088 1013 4154 minimam
1034 4089 1215 4156 utilitatem
1230 4092 1323 4158 adfe-

208 4199 288 4257 runt
299 4190 445 4256 dicenda
456 4189 561 4254 1111000
573 4209 673 4274 aegre
683 4185 773 4251 fero:
790 4186 897 4251 omnis
909 4187 994 4252 enim
1004 4195 1158 4254 vetustae
1170 4190 1325 4256 lectionis

209 4289 399 4358 memoriae
410 4287 588 4353 Vossianis
600 4285 774 4352 codicibus
786 4283 973 4372 repetenda
984 4295 1036 4351 est
1051 4311 1059 4362 ;
1077 4288 1141 4352 nisi
1159 4289 1251 4373 quod
1265 4290 1325 4352 ob·

210 4388 312 4474 longo
334 4387 434 4453 fidem
448 4385 616 4452 interdum
631 4386 741 4450 Italici
756 4387 945 4471 abrogant,
967 4384 1126 4470 (quadrati
1141 4386 1325 4450 auctorita·

210 4493 277 4550 tem
293 4484 476 4572 aliquando
495 4535 502 4562 ‚
522 4492 559 4549 ut
575 4483 645 4550 dixi
662 4531 670 4560 ,
691 4485 880 4550 inminuunt
895 4483 1042 4550 schedae
1058 4533 1063 4546 .
1082 4484 1147 4548 iam
1163 4473 1192 4548 si
1207 4482 1326 4548 eadem
