2946 5188
270 463 315 529 32
825 459 841 526 l

269 635 354 700 scire
369 635 446 699 licet
460 654 528 696 non
544 653 618 697 esse
632 635 665 696 in
680 633 782 696 rebus
797 653 851 696 res
865 633 912 696 ita
924 633 1059 706 mixtas,

196 767 244 813 805
266 771 381 814 verum
397 749 522 812 semina
536 745 737 811 multimodis
751 747 889 810 inmixta
903 747 1007 810 latere

268 864 444 928 multarum
458 883 568 927 rerum
582 862 617 925 in
630 861 732 926 rebus
747 861 930 924 communia
945 859 1087 924 debent.
1101 937 1104 944 Ι

266 953 269 960 ’
307 973 362 1043 ‘At
376 998 477 1063 saepe
491 977 526 1040 in
540 977 667 1062 magnis
681 975 719 1039 fit
732 975 909 1039 montibus’
918 975 1030 1060 inquis
1042 969 1090 1038 ‘ut
1103 974 1179 1038 altis

268 1093 443 1158 arboribus
458 1092 566 1156 vicina
580 1090 750 1154 cacumina
764 1109 889 1154 summa
904 1096 1055 1153 terantur
1236 1069 1243 1086 ⁸

266 1207 354 1271 inter
368 1227 404 1270 se
414 1255 421 1282 ,
432 1203 552 1270 validis
566 1204 678 1269 facere
691 1203 727 1267 id
742 1203 937 1289 cogentibus
952 1202 1091 1274 austris,

196 1337 245 1384 000
268 1319 376 1385 donec
390 1319 530 1384 flammai
544 1319 710 1383 fulserunt
723 1317 806 1382 flore
822 1326 939 1382 coorto
949 1320 964 1380 .’

267 1435 410 1510 scilicet,
422 1442 456 1498 ct
469 1455 538 1498 non
553 1439 605 1496 est
618 1432 716 1518 liguis
732 1439 841 1496 tamen
855 1432 974 1496 insitus
988 1431 1090 1516 ignis,

266 1569 381 1613 verum
396 1548 520 1611 semina
534 1552 613 1610 sunt
626 1545 757 1610 ardoris
771 1545 890 1619 multa,
902 1544 1043 1609 terendo

268 1683 353 1747 qnae
368 1683 442 1726 cum
458 1659 666 1736 confluxere,
678 1666 793 1724 creant
806 1657 961 1722 incendia
976 1660 1083 1722 silvis:

268 1772 361 1861 quod
376 1775 404 1838 si
418 1774 508 1840 facta
521 1775 610 1840 foret
624 1774 716 1838 silvis
732 1772 931 1837 abscondita
944 1772 1090 1868 flamma,

197 1906 246 1952 000
267 1910 336 1953 non
350 1895 491 1975 possent
503 1889 605 1952 ullum
620 1897 750 1972 tempus
766 1889 902 1951 celarier
916 1889 1025 1972 ignes,

268 2003 471 2068 conficerent
485 2004 586 2088 volgo
601 2002 700 2066 silvas
711 2051 718 2078 ‚
729 2003 869 2066 arbusta
883 2011 1083 2067 cremarent.

267 2119 374 2182 iamne
389 2115 483 2181 vides
498 2118 615 2202 igitur,
626 2117 726 2203 paulo
742 2116 835 2201 quod
850 2116 991 2180 diximus
1006 2124 1098 2190 ante,

268 2232 440 2318 permagni
454 2231 578 2296 referre
594 2230 709 2296 eadem
723 2230 907 2317 primordia
921 2252 1022 2317 saepe

266 2367 338 2410 cum
355 2347 476 2431 quibus
492 2355 525 2410 et
540 2347 629 2432 quali
644 2346 797 2432 positura
812 2346 1044 2410 contineantur

193 2476 242 2522 010
265 2468 300 2523 et
314 2482 399 2545 quos
414 2461 500 2524 inter
516 2481 551 2523 sc
568 2459 650 2522 dent
664 2469 774 2523 motus
789 2460 1036 2546 accipiantque,

265 2581 366 2657 atque
381 2572 497 2636 eadem
511 2573 611 2658 paulo
626 2573 712 2636 inter
728 2593 764 2637 se
778 2580 906 2636 mutata
921 2593 1034 2636 creare
1087 2641 1092 2648 ,

265 2687 359 2772 ignes
375 2693 408 2748 et
422 2685 571 2771 lignum?
583 2707 650 2770 quo
665 2693 766 2771 pacto
781 2687 887 2749 verba
901 2707 1036 2770 quoque
1050 2688 1123 2772 ipsa

264 2801 351 2864 iuter
366 2820 402 2863 00
416 2799 517 2885 paulo
532 2801 666 2864 mutatis
681 2808 760 2864 sunt
774 2799 958 2874 elementis,

266 2935 339 2977 cum
354 2914 444 2999 ligna
457 2921 558 2998 atque
572 2914 667 3000 ignes
682 2913 840 2978 distincta
854 2935 938 2978 voce
952 2923 1121 2978 notemus.

195 3044 244 3090 000
266 3026 411 3114 denique
426 3029 490 3092 iam
504 3050 590 3114 quae
605 3051 746 3115 cumque
759 3030 793 3093 in
808 3031 909 3094 rebus
924 3029 1033 3093 cernis
1048 3031 1173 3114 apertis

210 3165 214 3176 ·
265 3143 294 3206 si
307 3143 378 3206 fieri
393 3165 461 3207 non
475 3164 577 3228 posse
591 3123 708 3230 putea,
721 3145 802 3229 quin
815 3145 963 3208 materiai

265 3278 408 3341 corpora
422 3257 584 3322 consimili
597 3265 718 3322 natura
732 3256 885 3342 praedita
899 3259 1022 3343 fingas,
1099 3309 1108 3326 .

265 3369 329 3432 hac
343 3371 473 3433 ratione
488 3371 546 3433 tibi
562 3379 701 3454 pereunt
714 3369 897 3454 primordia
910 3381 1033 3436 rerum:

263 3483 320 3546 fiet
334 3484 383 3547 uti
397 3485 467 3547 risu
481 3482 622 3547 tremulo
639 3504 802 3548 concussa
817 3485 1019 3549 cachinnent

193 3613 242 3660 020
266 3605 299 3660 00
314 3597 456 3661 lacrimis
472 3597 569 3660 salsis
583 3606 753 3662 umectent
767 3620 827 3662 ora
841 3619 1025 3685 genasque.

307 3711 404 3774 Nunc
419 3732 496 3797 age,
509 3709 600 3794 quod
616 3733 717 3797 super
734 3720 785 3776 est
800 3733 967 3798 cognosce
983 3724 1016 3778 00
1031 3714 1151 3778 clarius
1167 3713 1261 3778 andi.

264 3845 327 3888 nec
341 3847 392 3888 me
408 3826 506 3889 animi
519 3825 604 3889 fallit
619 3847 719 3911 quam
734 3827 801 3890 sint
815 3828 974 3892 obscura:
987 3827 1049 3892 scd
1063 3830 1131 3893 acri

163 4015 169 4032 Ι
264 3939 432 4025 percussit
445 3939 564 4028 thyrso
579 3939 688 4004 laudis
703 3961 781 4027 spes
796 3962 916 4026 magua
930 3963 1036 4006 meum
1053 3964 1111 4006 cor

266 4061 299 4116 et
314 4055 409 4118 simul
422 4055 562 4118 incussit
576 4075 712 4118 suavem
727 4057 768 4118 mi
784 4056 817 4118 in
832 4064 949 4142 pectus
965 4077 1110 4120 amorem

267 4340 316 4388 900
334 4334 454 4386 flammae
476 4335 486 4402 ll
511 4339 560 4386 906
579 4333 727 4388 Coniceret
745 4335 755 4403 ΙΙ
774 4340 823 4386 000
842 4335 1042 4404 contingantur.
1062 4337 1072 4405 ll
1091 4342 1140 4388 012
1160 4355 1174 4388 e
1192 4339 1202 4404 0
1221 4343 1270 4390 018
1290 4337 1362 4389 Haec
1380 4340 1388 4397 {2

268 4422 317 4469 010
336 4417 451 4470 taemulo
