3034 5198
669 500 701 568 ll
1193 507 1235 575 81

124 679 397 764 hypermetrum,
421 675 552 760 qualem
573 675 630 739 hie
648 673 813 738 Marullus
834 675 967 742 efficere
982 677 1114 753 uoluit,
1137 701 1239 744 uuum

123 780 256 840 tantum
275 773 310 836 in
331 777 406 836 toto
429 792 533 858 opere
547 771 725 836 Lucretius
747 773 862 856 posuit
881 774 915 838 in
935 775 1022 840 libro
1037 777 1158 854 v,849;
1179 780 1238 844 ubi

125 870 356 936 Wahefieldus
371 868 467 934 dedit
481 869 601 948 Multa,
622 870 774 948 uidemus,
794 872 875 934 euim
888 873 978 936 rebus
992 897 1173 940 cmwumere
1187 878 1239 940 de·

124 973 208 1050 teat,
223 971 258 1034 in
273 989 341 1055 quo
358 975 411 1033 est
425 964 502 1032 stoc
516 967 778 1053 ineptissimum.
795 989 837 1033 ex
850 971 1028 1056 tragoedia
1042 993 1145 1038 unum
1160 993 1238 1060 cog·

124 1069 204 1132 novi
217 1067 317 1132 huius
331 1067 464 1152 generis
479 1085 632 1140 versum,
652 1087 751 1150 quem
766 1087 809 1130 ex
822 1066 927 1132 Medo
943 1068 1082 1133 Pacuvii
1094 1071 1239 1154 petitum

126 1165 244 1232 Cicero
265 1163 397 1229 rettulit
418 1164 453 1227 in
473 1163 594 1228 librum
609 1162 877 1228 Tusculanarum
898 1188 948 1241 111,
957 1165 1017 1243 26,
1040 1166 1140 1232 Silua
1161 1170 1240 1233 imur

107 1252 188 1330 ‘aar
208 1263 290 1348 (sic,
312 1267 415 1348 puto:
436 1261 514 1326 libri
528 1259 598 1326 Sim
611 1263 736 1346 utura)
753 1263 849 1326 barba
858 1265 995 1348 paedore
1008 1263 1136 1328 tomulo
1150 1279 1239 1352 atquc

125 1364 242 1428 munuc
265 1359 398 1447 insuescat
413 1370 521 1445 pactu
543 1361 656 1424 inluvie
680 1362 842 1426 summm.
867 1361 1010 1446 primum
1037 1369 1149 1426 autem
1175 1363 1240 1428 hac

126 1459 270 1524 duorum
294 1479 452 1524 versuum
476 1459 511 1522 in
536 1480 639 1522 unum
666 1457 977 1544 coniungendorum
1000 1467 1074 1523 arte
1094 1459 1241 1526 Ennium

126 1577 223 1620 usum
245 1575 317 1620 esse
331 1556 511 1644 Philippus
525 1556 718 1643 Wagnerus
739 1557 784 1621 ad
799 1556 940 1644 Vergilii
955 1558 1137 1644 georgicon
1155 1560 1240 1636 11,69

126 1675 195 1718 non
218 1653 485 1720 demonstravit:
508 1675 586 1718 nam
609 1677 696 1740 qnos
718 1675 838 1718 versus
861 1654 1024 1720 Columna
1044 1655 1154 1720 Ennio
1179 1655 1239 1722 ad·

126 1752 277 1836 scripsit,
290 1775 407 1838 magua
421 1775 489 1818 essa
503 1754 668 1839 locutique
682 1759 834 1838 cipporum
842 1751 988 1831 hominm
1004 1773 1063 1816 eos
1075 1753 1239 1820 Macrobii

127 1849 329 1935 exemplaria
343 1850 379 1913 in
394 1849 529 1916 Saturn.
547 1873 592 1925 vr,
605 1851 618 1914 1
637 1851 760 1934 partim
774 1849 923 1915 Lucretii
939 1850 1005 1914 alia
1018 1849 1137 1914 Lucilii
1150 1851 1239 1918 libro

126 1969 197 2012 xvn
220 1949 396 2014 tribuunt:
420 1947 482 2012 sed
506 1948 707 2032 quicumque
720 1947 789 2012 hoc
803 1947 930 2034 primus
945 1967 1048 2012 ausus
1063 1955 1135 2025 est,
1156 1972 1239 2036 quo·

126 2066 202 2110 nam
222 2047 296 2111 iure
314 2045 351 2111 id
370 2045 490 2110 fecerit
506 2045 618 2110 dicere
633 2067 702 2109 non
716 2066 874 2129 possum.
897 2065 973 2108 nam
988 2045 1071 2110 illud
1085 2047 1120 2108 in
1133 2046 1240 2112 Iliade

125 2151 195 2217 ter,
216 2143 321 2208 semel
336 2144 372 2206 in
385 2141 571 2227 theogonia
586 2141 727 2206 Hesiodi
743 2143 911 2225 positum,
934 2141 1027 2225 quod
1043 2164 1117 2206 cum
1132 2165 1240 2229 gram-

125 2241 239 2306 matici
249 2246 384 2304 veteres
394 2237 562 2303 vocabulo
573 2237 742 2302 interduo
754 2258 875 2301 versus
888 2237 997 2330 diviso
1010 2241 1240 2325 scripsissent,

124 2337 303 2402 Bekherus
323 2357 413 2400 nune
431 2344 525 2400 recte
539 2334 621 2400 fecit
636 2335 772 2420 eipioua
789 2333 873 2408 Zeia,
893 2334 1004 2399 nullus
1018 2344 1120 2422 posta
1136 2337 1241 2404 Gras-

126 2457 188 2501 ens
208 2433 358 2498 imitatus
380 2441 451 2498 est:
469 2454 581 2518 neque
603 2432 780 2498 dramatici
800 2430 922 2498 Graeci
942 2433 1068 2522 inficitis
1087 2437 1180 2512 locu,
1202 2449 1242 2502 ut

124 2531 320 2619 Wagnerus
336 2529 433 2607 dicit,
455 2539 514 2596 aut
527 2533 718 2616 promiscue
732 2531 799 2594 hoe
814 2531 956 2595 artificio
973 2529 1132 2598 delectati
1147 2545 1241 2612 sunt,

127 2631 191 2696 sed
205 2628 394 2716 Sophocles
416 2637 510 2694 certo
532 2629 678 2715 quodam
694 2636 867 2716 tempore,
888 2628 1074 2714 eodemque
1088 2640 1241 2718 tempore

126 2727 327 2814 Euripides,
351 2727 488 2793 sedhic
509 2725 706 2813 parcissime
727 2749 828 2793 usus:
850 2748 960 2813 neque
983 2735 1042 2792 aut
1056 2731 1099 2795 ab
1114 2729 1168 2795 his
1183 2741 1242 2795 aut

126 2827 171 2891 ab
187 2827 390 2913 asynartetis
400 2825 519 2890 Ionum
535 2833 570 2890 et
579 2826 730 2890 Aeoleon
745 2825 848 2890 ullum
863 2833 917 2890 est
931 2833 991 2889 aut
1005 2826 1151 2892 heroicis
1166 2846 1240 2892 ver-

126 2925 220 2989 sibus
241 2931 300 2988 aut
318 2925 469 2990 iambicis
485 2925 688 2990 comicorum
703 2921 926 3008 praesidium.
949 2923 1011 2987 sed
1026 2923 1119 3008 quod
1134 2925 1241 2989 homi·

125 3045 189 3090 nes
201 3023 294 3088 docti
304 3022 541 3110 hypermetros
553 3021 717 3107 syllabam
729 3020 862 3104 longam
871 3020 1044 3103 requirere
1053 3021 1242 3097 adfirmant,

125 3121 164 3188 id
185 3122 220 3186 in
242 3120 484 3186 dodecametro
505 3116 644 3202 dactylo
666 3125 701 3178 et
719 3117 863 3182 iambico
880 3114 1091 3180 duodenario
1108 3119 1242 3182 verissi-

126 3241 218 3285 mum
234 3228 303 3292 est,
327 3237 396 3280 non
409 3219 491 3280 item
504 3215 539 3278 in
553 3214 594 3277 iis
608 3213 763 3278 versibus
779 3213 836 3297 qui
850 3220 972 3276 natura
986 3214 1095 3276 suain
1108 3214 1243 3301 longam

127 3316 293 3405 syllabam
308 3335 377 3378 non
392 3314 570 3380 desinunt.
585 3312 700 3396 itaque
712 3310 892 3376 Terentius
908 3310 1001 3375 brevi
1017 3310 1148 3398 syllaba
1161 3335 1243 3379 usus
1302 3386 1305 3394 ¹

128 3423 181 3480 est
194 3414 230 3478 in
245 3411 419 3476 trochaico
434 3412 555 3496 pleno,
574 3411 610 3474 iu
623 3408 789 3473 Eunucho
806 3431 849 3484 ιν,
862 3409 888 3486 1,
900 3408 954 3483 ll,
975 3411 1125 3490 Adcerse,
1145 3424 1179 3476 ut
1191 3413 1243 3477 de·

127 3515 213 3577 lecu!
224 3511 275 3576 lu'c
287 3533 357 3574 uos.
371 3511 427 3574 illa
441 3510 592 3575 reclamat
602 3501 734 3572 ‘minuar
742 3509 889 3592 pontium.
901 3508 935 3570 iu
946 3510 1112 3574 cenuvium
1123 3509 1243 3574 illam?

127 3611 214 3674 mike
234 3608 354 3673 undae
374 3609 445 3672 iude
466 3610 509 3672 cd
527 3607 681 3692 impium.
705 3604 856 3670 Catullus
877 3606 911 3669 in
927 3605 1100 3690 Sapphico
1114 3607 1244 3672 hende-

130 3705 303 3794 casyllabo
318 3707 452 3771 Nullum
465 3727 573 3770 amum
585 3729 653 3768 eeu
667 3753 674 3778 ,
694 3706 751 3768 sed
762 3705 925 3769 uenum
939 3706 1144 3768 maritandis
1158 3727 1243 3768 mem-

121 3827 218 3891 pme,
232 3805 312 3870 item
331 3805 487 3870 Gallicana
503 3803 661 3882 Rhenum,
676 3803 821 3866 horribile
835 3823 964 3888 aequor,
980 3802 1156 3888 edtimocque
1167 3802 1243 3866 Bri·

128 3914 251 3967 mmor.
264 3907 384 3966 eontra
398 3903 434 3966 in
443 3899 618 3987 Glyconeo
630 3901 751 3984 longae
763 3905 892 3963 tantum
905 3897 1056 3982 syllabae
1067 3898 1162 3964 locus
1175 3909 1244 3977 est;

128 4007 169 4062 ut
182 3997 272 4063 idem
283 3999 434 4064 Catullus
446 3999 523 4064 Sola
537 3999 658 4084 coquito
665 4045 674 4076 ,
689 3998 743 4060 aed
754 3997 864 4060 morito
879 3996 938 4058 istc
952 4017 1013 4060 noa
1027 3998 1133 4060 eadem
1143 3999 1244 4063 liceret.

128 4100 210 4161 item
230 4097 264 4159 in
279 4097 412 4163 Cretico
429 4096 610 4162 Terentius
631 4095 666 4156 in
680 4091 811 4157 Andria
825 4115 869 4170 rv,
882 4092 937 4168 l,9
951 4093 996 4157 m
1015 4095 1133 4175 timeat,
1155 4107 1182 4162 et
1199 4107 1244 4160 tu·

127 4217 199 4258 men
218 4217 266 4258 res
279 4198 395 4281 premit
412 4197 579 4281 decepere.
601 4193 644 4256 iti
666 4203 729 4256 uua
749 4213 854 4255 corum
872 4192 1124 4277 inpudentissima
1146 4195 1246 4258 oratio

129 4303 188 4356 eet.
204 4291 360 4377 idemque
371 4294 405 4357 in
416 4294 567 4358 iambicis
579 4290 775 4356 acatalectis
785 4291 820 4354 in
831 4289 1035 4354 Phormione
1047 4315 1081 4366 u,
1094 4293 1120 4366 l,
1130 4291 1170 4354 63
1180 4293 1245 4354 Ne·

26 4413 30 4422 ¹
128 4413 189 4478 qua
209 4393 355 4455 testimoni
374 4393 465 4455 dictio
486 4403 546 4456 eat.
567 4391 651 4455 mito
668 4389 788 4454 mama.
810 4389 890 4453 oddo
904 4391 998 4468 mdc,
1018 4387 1194 4474 imprudens
1208 4388 1245 4449 u·-
1371 4468 1377 4482 .

127 4489 207 4552 mult
220 4489 414 4555 adulescens.
435 4491 520 4568 uuo,
541 4495 576 4552 et
590 4487 740 4552 similiter
754 4488 790 4550 in
804 4485 968 4573 Adelphis
985 4485 1087 4644 milii)
1109 4507 1158 4558 111,
1167 4483 1244 4558 3,21
