2970 5268
283 463 351 532 124
810 465 874 534 Illl

320 636 420 702 Nunc
434 656 513 723 age,
525 659 584 702 our
599 637 689 703 ultra
703 639 875 724 speculum
889 637 1045 704 videatur
1058 641 1167 728 imago

208 769 258 817 aro
280 752 416 839 percipe
426 775 433 815 ι
443 772 520 816 nam
535 759 626 816 certe
641 753 773 838 penitus
788 760 917 817 semota
931 753 1064 820 videtur

207 883 257 931 200
279 866 343 932 illis
358 887 444 952 quae
459 863 606 931 reddunt
620 868 832 953 speculorum
847 889 889 932 ex
903 889 1051 954 aequore
1065 868 1185 934 visum.

207 997 256 1045 271
281 980 373 1067 quod
387 1001 493 1067 genus
506 981 579 1057 illa,
590 979 673 1046 foris
689 1003 774 1066 quae
788 992 869 1047 sunt
876 1031 885 1062 ‚
897 983 982 1046 bene
995 983 1274 1069 transpioiuntnr‚

278 1097 378 1160 ianua
392 1118 467 1160 eum
480 1116 541 1183 per
557 1116 593 1160 se
607 1103 836 1183 transpectum
850 1085 990 1183 praebet
1003 1107 1171 1182 apertum,

279 1209 383 1273 multa
395 1209 543 1294 facitque
556 1209 640 1275 foris
655 1231 697 1274 ex
712 1208 852 1274 aedibus
866 1219 905 1274 ut
918 1209 1113 1276 videantur:

279 1326 308 1390 is
323 1345 458 1410 quoque
473 1324 558 1388 enim
572 1323 696 1410 duplici
710 1324 909 1410 geminoque
924 1324 963 1389 fit
977 1331 1053 1389 2202
1068 1325 1174 1391 visus.

207 1455 257 1502 270
279 1439 404 1525 primus
420 1439 506 1502 enim
520 1440 604 1504 eitra
617 1447 734 1524 postes
749 1447 818 1502 tum
833 1439 979 1503 cernitur
993 1444 1067 1515 air,

280 1551 360 1616 inde
373 1552 466 1617 fores
479 1553 572 1640 ipsae
588 1551 707 1618 dextra
720 1554 883 1639 laevaque
895 1562 1073 1630 secuntur,

279 1675 359 1752 post
373 1667 517 1731 extraria
531 1667 588 1731 lux
603 1667 719 1732 oeulos
733 1674 905 1753 perterget
919 1676 953 1732 et
967 1675 1024 1734 aar

280 1781 366 1845 alter
375 1830 383 1857 ‚
393 1790 430 1847 et
441 1782 513 1856 illa,
524 1781 607 1846 foris
621 1803 706 1867 quae
721 1791 818 1858 sunt,
828 1782 914 1847 bene
930 1782 1204 1868 transpieiuntur.

281 1896 330 1960 sio
342 1897 400 1962 ubi
414 1917 450 1960 se
464 1897 606 1983 primum
619 1897 746 1981 speculi
759 1897 900 1984 proiecit
913 1897 1038 1983 imago,

208 2027 258 2074 220
281 2009 360 2075 dum
373 2011 465 2075 venit
479 2010 523 2074 ad
538 2017 673 2076 nostras
687 2012 792 2088 acies,
803 2010 974 2100 protrudit
988 2013 1124 2099 agitque

281 2131 360 2191 atra
374 2126 431 2212 qui
444 2127 531 2191 inter
545 2147 582 2191 se
597 2133 773 2211 cumquest
787 2127 970 2212 oculosque
985 2127 1130 2203 locatum

280 2249 315 2306 et
327 2241 408 2306 facit
420 2250 459 2306 ut
471 2241 565 2328 prius
580 2240 670 2305 huno
684 2262 814 2305 omnem
829 2243 953 2306 sentire
968 2262 1128 2326 queamus

281 2377 380 2442 quam
394 2357 580 2442 speculum:
593 2355 655 2420 sed
668 2357 725 2421 ubi
739 2354 910 2442 speculum
925 2377 1059 2442 quoque
1073 2358 1237 2423 sensimus
1251 2359 1382 2445 ipsum,

282 2471 440 2535 continuo
455 2491 475 2534 a
488 2471 586 2535 nobis
599 2471 718 2534 iterum
734 2491 819 2556 quae
833 2469 939 2534 fertur
952 2472 1062 2557 imago

208 2599 258 2648 200
278 2585 448 2670 pervenit,
460 2592 493 2647 et
506 2591 644 2649 nostros
659 2583 775 2648 oeulos
789 2585 913 2649 reieeta
926 2586 1056 2660 revisit,

281 2705 385 2784 atque·
397 2697 495 2762 alium
508 2719 590 2782 prae
604 2717 641 2762 se
655 2697 848 2785 propellens
864 2705 942 2763 atra
956 2700 1076 2777 volvit,

282 2811 408 2878 etfacit
420 2819 459 2876 ut
472 2812 565 2898 prius
578 2811 669 2876 huno
684 2833 783 2898 quam
797 2834 834 2876 se
848 2812 1037 2891 videamus,
1049 2837 1157 2902 eoque

282 2927 409 2993 distare
423 2929 465 2992 ab
480 2926 618 3014 speculo
633 2934 763 2992 tantum
778 2937 907 2993 semota
920 2929 1065 2996 videtur.

282 3063 386 3129 quere
401 3043 499 3108 etiam
513 3051 615 3129 atque
631 3043 727 3108 etiam
744 3044 874 3108 minime
886 3046 1035 3109 mirarier
1050 3053 1103 3110 est
1116 3067 1193 3132 par,

207 3175 254 3222 2οι
280 3159 412 3224 atribus
426 3158 511 3223 binis
527 3159 682 3242 quoniam
698 3180 752 3222 res
768 3158 871 3224 oonfit
883 3167 1041 3245 utraque.

280 3294 370 3338 nuno
384 3294 424 3339 22
439 3293 524 3360 quae
538 3273 636 3337 nobis
650 3273 870 3338 membrorum
885 3272 1025 3340 dextera
1038 3295 1117 3359 pars
1133 3284 1199 3350 est,

279 3388 314 3451 in
328 3386 471 3473 speculis
484 3387 523 3450 fit
535 3395 574 3450 ut
587 3386 622 3450 in
634 3386 730 3450 laeva
744 3385 898 3452 videatur
913 3409 952 3451 eo
969 3387 1062 3472 quod

278 3501 448 3586 planitiem
462 3499 507 3564 ad
521 3499 647 3586 speculi
660 3501 799 3564 veniens
814 3521 889 3564 oum
903 3499 1042 3566 offendit
1055 3503 1180 3591 imago,

207 3631 256 3678 295
278 3637 348 3680 non
362 3614 568 3680 convertitur
581 3613 753 3677 incolumis
763 3663 771 3690 ,
783 3613 845 3678 sed
859 3623 953 3680 reeta
967 3625 1150 3682 retrorsum

280 3731 328 3794 sio
344 3728 492 3804 eliditur,
503 3736 542 3792 ut
555 3728 660 3813 siquis
670 3777 677 3802 ‚
689 3717 782 3815 priu's
797 3729 891 3798 arida
906 3719 1005 3815 quani
1020 3734 1064 3798 sit

280 3857 393 3909 cretea
406 3865 568 3929 persona,
580 3841 708 3908 adlidat
723 3843 851 3929 pilaeve
866 3847 1010 3920 trabive,

280 3968 381 4045 atque
397 3980 437 4022 22
450 3959 610 4024 continuo
625 3967 750 4024 rectam
766 3959 793 4024 si
807 3958 920 4025 fronte
934 3961 1072 4046 figuram

209 4089 258 4136 222
281 4081 394 4139 servet
408 4084 443 4138 et
457 4074 569 4138 elisam
583 4083 675 4139 retro
690 4093 765 4138 sese
781 4076 944 4160 exprimat
956 4075 1045 4162 ipsa.

284 4359 332 4405 270
350 4359 453 4406 remota
479 4351 490 4419 ΙΙ
517 4357 564 4404 271
584 4369 635 4421 que
653 4369 718 4406 vere
742 4354 752 4423 ΙΙ
779 4359 827 4406 277
846 4361 970 4424 perteget
992 4355 1002 4421 Η
1025 4361 1074 4408 273
1093 4373 1224 4426 querere
1252 4356 1262 4422 ΙΙ
1285 4363 1336 4410 283
1357 4361 1413 4411 ius·

282 4433 405 4505 peculum
423 4434 434 4502 ΙΙ
452 4438 501 4487 284
519 4435 546 4488 iu
565 4449 623 4487 eum
642 4435 652 4503 ΙΙ
671 4441 719 4487 323
738 4434 813 4488 lisam
