3034 5204
667 462 840 510 encausto
1036 511 1039 524 ,
1288 447 1305 513 7
1427 449 1431 456 “

195 632 255 676 eos
271 625 389 675 omnes
402 617 462 676 aut
476 613 543 675 urio
560 613 742 698 exemplari
758 623 817 680 aut
832 613 966 680 dnobus
980 615 1075 682 inter'
1084 621 1122 682 s'e
1136 618 1309 684 simillimis

86 717 91 725 '
194 731 277 774 usos
300 729 397 787 esse;
419 731 620 796 quamquam
641 708 814 785 Venetus,
837 712 949 797 quiin
971 715 1093 779 ceteris
1111 714 1307 786 Veronense

149 849 155 856 ·
195 805 368 892 exemplar
383 808 536 892 quamvis
549 808 750 875 mendosum
765 811 950 896 expressit,
970 833 1089 878 versus
1103 812 1310 900 libriquarti

194 927 302 970 nxvru
317 905 539 992 (nt-190),
554 908 613 993 qui
626 907 816 974 Veronensi
832 908 972 986 desunt,
988 910 1123 976 aliunde
1137 915 1308 998 acceperit

193 1024 334 1068 necesse
350 1012 423 1068 est.
446 1003 509 1070 sed
524 1005 618 1090 quod
632 1006 869 1093 typographos
885 1010 1056 1094 antiquam
1070 1030 1180 1094 neque
1196 1033 1306 1076 ernen-

194 1101 310 1166 datam
322 1102 501 1167 lectionem
514 1103 647 1169 fidelius
662 1125 763 1190 quam
778 1107 946 1170 notarium
959 1107 1191 1172 Florentinum
1205 1108 1305 1174 alios-

193 1221 260 1287 que
270 1200 374 1265 Italos
386 1201 416 1266 ei
427 1200 551 1266 similes
566 1202 768 1267 observasse
779 1203 867 1278 dixi,
883 1204 1070 1270 cavendum
1080 1205 1306 1272 nihilominus

193 1307 246 1364 est
268 1319 311 1364 ne
332 1299 438 1364 multo
461 1299 538 1384 plus
556 1299 730 1384 impressis
754 1323 854 1387 quam
877 1303 1006 1367 calerno
1029 1303 1146 1368 Italico
1170 1305 1304 1391 scriptis

192 1397 387 1462 credamus:
406 1419 483 1462 nam
496 1397 531 1461 in
545 1397 718 1483 impressis
730 1421 866 1485 quoque
877 1421 946 1464 non
957 1421 1068 1485 pauca
1079 1412 1158 1466 sunt
1169 1401 1213 1466 de
1224 1424 1304 1466 con·
1389 1456 1394 1466 .

190 1497 322 1562 iectura
336 1494 531 1571 emendata,
544 1496 579 1560 in
589 1495 759 1560 Brixiensi
772 1496 907 1582 quidem
920 1499 1024 1583 paulo
1038 1498 1138 1584 plura
1152 1509 1186 1563 et
1200 1498 1305 1563 auda·

192 1597 264 1660 cius
287 1617 387 1682 quam
406 1595 443 1660 in
463 1595 654 1660 Veronensi
680 1601 715 1659 et
736 1595 894 1674 Veneto;
923 1617 1026 1681 quare
1053 1595 1240 1672 falluntur,
1267 1604 1304 1661 ut

191 1693 320 1769 solent,
333 1693 390 1780 qui
400 1693 494 1759 libris
505 1693 650 1780 pretium
662 1699 816 1757 statuunt
831 1715 873 1758 ex
888 1695 1045 1770 raritate,
1055 1695 1138 1759 'cum
1149 1693 1302 1760 Brixien·

191 1811 262 1856 sem
275 1791 341 1856 illis
353 1790 422 1856 fide
437 1799 471 1854 et
487 1791 690 1855 auctoritate
703 1800 880 1892 praestare
895 1799 1050 1858 censent.
1065 1792 1163 1870 mihi,
1178 1815 1252 1883 cum
1269 1801 1303 1858 et

191 1888 359 1954 Venatum
375 1887 545 1973 exemplar
558 1887 595 1951 in
608 1889 762 1954 manibus
776 1889 936 1956 haberem
952 1899 986 1955 et
1002 1887 1222 1956 eVeronensi
1232 1891 1307 1956 Has

190 2009 390 2073 vercampus
404 1985 635 2076 Wakefieldus
649 1987 815 2075 Forbiger
828 1989 935 2052 multa
952 1989 1184 2073 excepissent,
1201 1976 1247 2054 id
1262 2011 1303 2056 ee

192 2107 278 2172 quse
291 2085 412 2150 vellem
427 2086 664 2172 cognoscenda
678 2087 810 2151 suffecit
831 2088 983 2172 quamvis
1004 2088 1158 2172 imperite
1174 2094 1208 2152 et
1221 2107 1302 2172 neg·

191 2184 342 2272 legenter
356 2183 448 2248 leem
461 2185 505 2250 ab
519 2183 671 2248 Iohanne
686 2182 841 2248 Gerardo
858 2192 1019 2269 quattuor
1031 2185 1215 2270 primarum
1230 2183 1300 2248 edi·
1338 2225 1339 2230 κ

190 2284 319 2347 tionum
332 2283 504 2357 recensio,
519 2303 606 2367 quae
618 2283 654 2346 in
666 2281 883 2368 Glasguensis
899 2281 1056 2347 editionis
1070 2289 1163 2346 tomo
1179 2291 1300 2368 quarto

191 2381 342 2448 exhibita
356 2388 409 2446 est
422 2380 554 2467 paginis
568 2403 651 2446 ccxc
667 2381 889 2468 (163-402).

275 2480 439 2565 Superest
452 2487 490 2544 ut
505 2479 664 2544 detentio
679 2501 802 2566 genere
817 2501 1001 2565 exponam,
1016 2479 1109 2565 quod
1123 2481 1166 2546 ab
1182 2477 1300 2544 eadem

190 2581 297 2665 stirpe
309 2580 443 2644 venisse
458 2599 562 2663 supra
577 2579 663 2643 dixi.
679 2601 721 2644 ex
735 2579 803 2644 hoc
817 2579 886 2645 duo
901 2579 982 2644 mihi
997 2589 1081 2644 nota
1095 2585 1174 2644 sunt
1188 2599 1299 2644 exem·

191 2679 313 2764 plaria,
333 2677 475 2741 alterum
497 2698 566 2741 non
586 2677 770 2764 integrum,
790 2685 946 2742 neutrum
965 2684 1135 2742 vetustate
1154 2698 1217 2762 par
1239 2677 1299 2740 ob·

189 2777 309 2864 longo,
323 2783 479 2840 neutrum
494 2775 638 2861 denique
651 2776 700 2840 ita
711 2777 872 2860 scriptum
884 2785 923 2840 ut
931 2776 1070 2840 librario
1081 2774 1203 2840 librum
1214 2774 1299 2837 anti·

190 2876 385 2961 quissimum
411 2875 521 2958 ipsum
544 2883 622 2939 ante
651 2873 768 2938 oculos
789 2874 894 2938 fuisse
921 2881 1109 2959 appareat.
1131 2873 1188 2957 qui
1214 2870 1300 2936 liber

189 2973 441 3058 antiquissimus
452 2992 527 3036 oum
539 2971 617 3036 olim
632 2983 738 3046 esset,
754 2972 845 3057 quod
856 2971 969 3035 multis
981 2970 1192 3034 documentis
1201 2969 1299 3032 intel·

188 3071 329 3158 legitur,
337 3071 462 3158 passim
472 3069 617 3136 detritus
626 3115 634 3144 ,
643 3090 819 3143 corrosus,
829 3066 1163 3134 sordibusobductus
1172 3112 1180 3139 ,
1189 3065 1300 3150 aliqua

189 3170 290 3234 etiam
305 3177 403 3254 parte
416 3167 509 3232 lacer
523 3173 557 3232 et
571 3166 721 3232 schedae
730 3187 837 3230 nxvrn
848 3165 981 3252 paginis
994 3164 1137 3228 inversis
1151 3164 1224 3247 (iv,
1238 3161 1299 3226 299

188 3267 292 3332 -347
302 3269 313 3351 )
323 3316 331 3343 ,
343 3267 422 3332 dum
431 3265 490 3330 illa
499 3266 615 3350 priora
627 3262 826 3351 apographa
838 3262 1115 3336 conficiebantur,
1128 3257 1251 3324 accidit
1261 3264 1299 3320 ut

189 3373 352 3453 quattuor
366 3364 530 3438 schedae,
546 3385 632 3449 quae
648 3372 748 3428 crant
758 3384 897 3427 numero
913 3385 973 3426 xvi
988 3383 1075 3425 xxix
1089 3379 1203 3424 xxxrx
1217 3377 1299 3428 exv,

189 3465 409 3552 compagibus
423 3463 543 3528 solutis
558 3484 579 3526 a
593 3463 663 3527 suis
684 3461 821 3528 sedibus
843 3463 1042 3536 aberrarent
1056 3484 1064 3536 ;
1084 3478 1151 3543 quo
1172 3454 1298 3518 factum

189 3571 294 3629 estut
308 3584 348 3628 ea
363 3582 450 3648 quae
465 3559 520 3625 his
538 3560 674 3626 schedis
695 3561 954 3629 continebantur
975 3560 1159 3644 (quaenam
1174 3573 1213 3616 ea
1226 3550 1297 3626 fue·

142 3727 145 3734 .
189 3663 257 3727 rint
272 3661 381 3726 dicam
396 3659 442 3724 ad
455 3659 576 3724 librum
592 3681 621 3734 1,
636 3660 717 3744 734)
737 3659 773 3722 in
793 3660 858 3724 hoc
879 3681 969 3723 novo
990 3653 1143 3718 codicum
1157 3670 1297 3736 genere,

189 3761 283 3848 quod
293 3767 368 3826 erat
378 3759 530 3832 tertium,
542 3757 703 3822 suislocis
713 3759 784 3824 sine
795 3757 863 3822 ullo
876 3733 1028 3822 delectus
1038 3749 1163 3814 indicio
1175 3748 1298 3812 omissa

188 3867 268 3945 post
282 3859 359 3924 libri
373 3855 461 3923 sexti
475 3855 574 3921 finem
589 3874 742 3920 seorsum
755 3859 1001 3941 reponerentur
1016 3896 1022 3912 .
1043 3847 1110 3912 hoo
1124 3867 1250 3912 novum
1263 3853 1298 3910 et

188 3960 324 4024 tertium
345 3977 452 4045 genus
473 3953 573 4020 dico:
596 3975 674 4018 nem
694 3955 799 4039 siquis
822 3953 888 4016 hoc
909 3948 1051 4034 primum
1070 3945 1174 4014 fuisse
1196 3952 1298 4029 atque

188 4055 271 4121 illud
292 4055 450 4120 damnum
472 4051 624 4118 codicem
643 4052 739 4137 prius
761 4069 860 4134 quam
876 4045 1042 4131 oblongus
1057 4050 1092 4107 et
1105 4041 1296 4106 Italicorum

187 4175 312 4240 parens
326 4159 547 4219 nascerentur
561 4151 682 4215 secisse
698 4145 924 4219 existimabit,
941 4144 971 4207 is
987 4141 1158 4227 quomodo
1172 4139 1299 4206 librarii
1408 4151 1417 4166 ·

186 4251 334 4319 schedas
353 4255 572 4341 perturbatas
592 4251 627 4315 in
645 4269 762 4314 vermn
784 4243 936 4309 ordinem
950 4241 1161 4308 restituerint
1175 4239 1300 4305 docere

186 4373 255 4416 non
265 4352 411 4438 poterit.
421 4351 536 4436 itaque
547 4349 668 4414 horum
680 4344 834 4410 codicum
845 4341 930 4407 alter
943 4349 995 4406 est
1005 4339 1181 4406 Leidensis
1193 4358 1244 4412 ou
1252 4357 1275 4398 A
1285 4369 1298 4384 ·

186 4471 381 4525 onnus,
403 4456 543 4513 notatus
566 4467 703 4542 numero
718 4444 783 4519 94,
804 4443 950 4527 scriptus
970 4439 1105 4506 saeculo
1127 4435 1255 4501 decimo
1278 4453 1299 4496 a
