2970 5268
275 471 344 538 160
819 467 852 533 V

271 665 347 709 nam
360 644 447 707 bene
462 644 519 728 qui
534 641 680 706 didicere
695 641 779 706 deos
795 663 947 706 securum
963 662 1062 728 agere
1079 663 1210 712 aevom.

272 761 301 824 si
316 767 425 824 tamen
438 759 568 823 interea
582 758 743 821 mirantur
759 778 825 842 qua
839 757 968 821 ratione

273 894 426 960 quaeque
441 875 511 960 geri
525 872 673 960 possint,
685 872 882 958 praesertim
897 872 997 936 rebus
1012 873 1124 937 inillis

211 1007 243 1052 se
274 1009 360 1074 quae
376 1009 498 1073 supera
512 996 614 1073 eaput
629 986 787 1051 aetheriis
801 995 984 1050 cernuntur
997 988 1031 1050 iu
1048 988 1132 1061 oris,

273 1126 391 1168 rursus
405 1104 440 1167 in
455 1103 611 1186 antiquae
625 1101 816 1166 referuntur
830 1101 1025 1187 religiones,

274 1227 309 1282 et
323 1216 477 1282 dominos
491 1218 577 1280 aeris
593 1214 802 1292 adsciscunt,
814 1218 922 1282 omnia
937 1238 1037 1303 posse

274 1354 361 1417 quos
375 1332 485 1396 miseri
502 1329 660 1407 eredunt,
671 1331 778 1416 ignari
794 1332 873 1417 quid
890 1341 990 1417 queat
1006 1353 1095 1406 esse,

275 1444 357 1531 quid
371 1455 535 1532 nequeat,
546 1447 640 1510 finita
654 1455 805 1532 potestas
821 1447 965 1533 denique
981 1448 1101 1532 cuique
1175 1461 1183 1474 '

213 1578 245 1624 so
276 1582 432 1646 quanam
448 1561 492 1624 sit
506 1560 634 1625 ratione
650 1568 752 1646 atque
767 1561 833 1626 alte
848 1561 1007 1626 terminus
1022 1562 1180 1626 haerens.

317 1674 418 1757 Quod
432 1697 534 1760 super
549 1683 617 1750 est,
628 1696 671 1738 ne
688 1683 720 1740 te
734 1677 767 1740 in
783 1677 955 1760 promissis
969 1677 1066 1763 plura
1080 1697 1259 1746 moremur.

276 1791 440 1879 principio
456 1789 610 1855 marinae
625 1797 732 1854 terras
748 1791 941 1876 caelumque
956 1801 1069 1869 tuere,

277 1926 418 1990 quorum
432 1911 584 1968 naturam
601 1904 778 1990 triplicem,
790 1907 854 1970 trie
868 1927 1028 1992 corpora,
1039 1906 1187 1977 Memmi.

276 2021 336 2084 tris
351 2021 480 2105 speeies
494 2027 561 2082 tam
576 2017 741 2084 dissimilis
751 2069 759 2096 ,
769 2021 834 2084 tria
847 2019 926 2084 talia
940 2029 1047 2096 texta,

214 2153 247 2198 ss
276 2156 344 2198 una
358 2134 428 2199 dies
445 2131 538 2197 dabit
554 2134 672 2207 exitio,
684 2135 873 2220 multosque
888 2157 949 2221 per
963 2156 1069 2201 annos
1151 2217 1155 2224 .

277 2256 467 2315 sustentata
481 2256 556 2312 ruet
570 2249 675 2313 moles
691 2258 725 2313 et
738 2250 891 2315 maehina
905 2248 1034 2314 mundi.

277 2387 338 2430 nee
354 2387 404 2430 me
419 2365 517 2428 animi
530 2363 614 2427 fallit
629 2385 727 2448 quam
742 2386 797 2428 res
812 2387 902 2429 nova
915 2365 1063 2450 miraque
1079 2367 1179 2430 menti

276 2479 409 2545 aecidat
424 2479 557 2542 exitium
572 2479 654 2542 caeli
669 2487 845 2565 terraeque
860 2479 1021 2555 futurum,

252 2639 256 2652 .
277 2602 310 2657 et
325 2615 422 2679 quam
438 2591 570 2656 difficile
584 2591 619 2656 id
634 2592 712 2656 mihi
726 2593 771 2656 sit
785 2594 979 2678 pervincere
995 2594 1106 2670 dietis3

207 2724 255 2772 100
277 2715 315 2772 ut
328 2707 366 2771 fit
379 2708 436 2771 ubi
451 2707 616 2771 insolitem
630 2727 699 2770 rem
715 2704 877 2792 adportes
892 2710 1027 2773 auribus
1042 2718 1134 2776 aute.

276 2843 339 2887 neo
353 2831 463 2886 tamen
478 2821 566 2884 hane
581 2821 696 2906 possis·
707 2821 878 2886 oculorum
892 2822 1038 2886 subdere
1052 2825 1126 2888 visu

276 2959 338 3001 nee
351 2937 460 3000 iaeere
475 2936 557 3000 indu
571 2957 687 3001 manus
697 2985 704 3012 ‚
716 2936 769 3000 via
784 2958 851 3021 qua
864 2937 990 3001 munita
1003 2937 1081 3001 fidei

277 3052 429 3138 proxima
443 3051 509 3115 fert
522 3051 702 3116 humanum
716 3051 750 3114 in
764 3059 883 3139 peetus
898 3052 1088 3138 templaque
1103 3055 1236 3118 mentis.

278 3165 339 3232 sed
355 3181 465 3232 tamen
482 3165 623 3231 effabor.
637 3166 734 3232 dietis
749 3164 843 3232 dabit
856 3168 930 3253 ipsa
942 3165 1042 3231 fidem
1058 3189 1127 3234 res.

208 3299 255 3344 105
276 3281 434 3356 forsitan,
447 3288 481 3344 et
495 3283 642 3366 graviter
658 3291 820 3344 terrarum
836 3282 980 3346 motibus
994 3284 1077 3346 ortis

278 3396 388 3459 omnia
403 3395 620 3480 conquassari
634 3395 667 3458 in
684 3415 789 3478 parvo
804 3403 956 3480 tempore
972 3417 1103 3460 eerneS.

278 3509 372 3595 quod
385 3508 503 3594 procul
518 3528 538 3570 a
552 3507 648 3570 nobis
663 3506 777 3571 flectat
790 3507 926 3572 fortune
940 3511 1146 3594 gubernans,

278 3631 312 3687 et
325 3624 412 3687 ratio
427 3621 540 3707 potius
556 3642 655 3705 quam
669 3641 723 3684 res
738 3621 942 3708 persuadeat
954 3625 1029 3710 ipsa

278 3737 450 3801 succidere
464 3736 644 3800 horrisono
659 3757 762 3820 posse
777 3737 888 3801 omnis
901 3740 991 3804 vieta
1005 3739 1152 3826 fragore.

208 3869 255 3916 110
320 3851 413 3935 [Qua
427 3851 519 3938 prius
535 3848 714 3935 adgrediar
729 3871 827 3936 quam
844 3851 886 3916 de
901 3874 937 3916 re
952 3853 1092 3918 sundere
1106 3853 1176 3919 fata

278 3967 424 4030 sanetius
440 3975 474 4029 et
488 3966 591 4030 multo
607 3972 700 4030 certa
713 3966 843 4031 ratione
858 3969 962 4053 magis
977 3991 1075 4053 quam

278 4079 402 4166 Pythia
417 4100 502 4165 quae
516 4079 649 4164 tripode
664 4102 684 4144 a
698 4080 826 4146 Phoebi
840 4082 1002 4167 lauroque
1017 4082 1184 4169 profatur,
1300 4135 1308 4151 .

278 4193 380 4258 multa
394 4194 454 4259 tibi
469 4193 643 4279 expediam
659 4197 767 4262 doctis
783 4196 907 4262 solacia
922 4195 1036 4271 dietis;

281 4447 312 4492 85
332 4440 445 4494 aetheris
464 4445 474 4510 ss
496 4449 543 4494 100
562 4443 694 4498 insolitum
