3034 5198
673 507 767 576 1'
1186 511 1233 578 63

123 684 238 748 macae
257 693 356 745 tomen
377 683 453 746 arlia
471 729 478 743 .
501 681 535 745 in
559 687 628 746 tam
650 687 771 746 exacta
790 685 979 764 temporum
1002 683 1235 748 convenientia

125 780 209 847 nihil
220 781 337 846 obstat
348 800 416 864 quo
430 778 540 844 minus
550 777 792 866 Hieronymum
805 776 862 842 hic
872 777 1039 844 Suetonio
1048 780 1130 844 satis
1140 787 1234 846 recte

125 899 223 944 usum
238 897 313 943 esse
328 876 507 942 credamus
522 899 530 940 r
549 897 614 942 nec
633 876 782 943 dubitari
802 881 918 961 potest
933 877 1015 962 quin
1028 877 1099 944 fere
1114 875 1233 944 eadem

124 978 160 1042 in
174 975 423 1042 commentariis
435 976 471 1040 in
484 975 634 1040 Lucretii
648 996 782 1040 carmen
796 973 933 1060 scriptis
946 975 1131 1064 invenerit,
1147 998 1234 1062 quoe

125 1075 226 1161 wlgo
246 1081 349 1140 notos
369 1073 474 1138 firisse
495 1080 643 1140 testatur
661 1075 696 1139 in
716 1073 873 1160 apologie
891 1072 926 1136 in
940 1072 1095 1138 Rufinum
1109 1074 1235 1160 prime,

125 1179 218 1238 tomo
229 1196 256 1237 11
263 1195 295 1258 p.
303 1171 364 1236 472
377 1171 428 1237 ed
441 1170 599 1236 Vallarsii
619 1219 626 1236 .
648 1171 685 1236 in
700 1191 739 1236 re
754 1177 839 1256 nota
854 1169 938 1234 nihil
954 1189 1040 1256 opus
1056 1169 1120 1236 fuit
1129 1177 1170 1236 ut
1180 1169 1234 1236 Ci-

126 1271 259 1336 ceronis
273 1289 479 1355 praenomen
491 1277 636 1356 poneret
652 1317 661 1345 ‚
680 1291 754 1336 cum
773 1289 872 1334 nemo
885 1269 1059 1354 ignoraret
1073 1266 1235 1348 Quintum

124 1367 387 1454 intellegendum
402 1387 495 1441 esse,
512 1389 587 1432 eum
599 1368 710 1455 ipsum
724 1367 819 1432 cuius
833 1365 942 1432 irater
957 1364 1001 1431 de
1011 1365 1170 1431 Lucretio
1184 1366 1235 1430 iu·

127 1465 251 1530 dicium
261 1466 402 1550 probat,
413 1465 580 1530 hominem
591 1465 627 1530 in
637 1463 759 1530 studiis
772 1463 913 1552 poeticis
924 1469 1113 1540 versatum,
1124 1485 1234 1550 neque

127 1584 150 1627 a
159 1561 374 1650 philosophie
382 1562 541 1639 alienum,
555 1564 617 1628 sed
625 1563 708 1628 nulli
716 1569 830 1630 certae
839 1561 1037 1647 disciplinae
1046 1561 1234 1628 addictum.

127 1667 164 1724 at
174 1661 282 1726 nostri
290 1661 495 1748 interpretes
510 1709 519 1741 ,
537 1661 634 1746 quasi
644 1661 771 1726 nullum
780 1661 844 1726 nisi
855 1667 1026 1724 oratorem
1038 1659 1235 1726 Ciceronem
1271 1731 1276 1736 ,

126 1765 284 1834 nossent,
296 1757 339 1824 de
348 1757 495 1824 Lucretii
504 1761 686 1826 carminum
696 1758 930 1825 emendatione
941 1757 1150 1838 mendacium
1159 1781 1235 1826 esse
1305 1757 1309 1762 ’

128 1855 289 1932 clamant,
301 1865 415 1922 cetera
423 1857 549 1924 Donati
558 1865 593 1924 et
600 1858 801 1944 Hieronymi
811 1877 881 1922 non
892 1863 1073 1932 exornato,
1084 1855 1147 1922 sed
1155 1857 1234 1922 fieta

128 1961 162 2018 et
176 1955 408 2022 commenticia
420 1957 660 2042 pronuntiant.
675 1977 739 2042 ego
753 1954 886 2020 veroin
897 1954 1170 2041 Hieronymianis
1184 1957 1234 2022 ni·

126 2050 174 2116 hil
184 2054 320 2118 omnino
331 2053 425 2138 quod
436 2053 529 2119 credi
538 2075 608 2118 non
618 2054 729 2138 possit
737 2052 872 2140 invenio
882 2073 890 2115 ε
900 2073 1011 2137 neque
1026 2053 1113 2116 enim
1127 2061 1235 2118 totam
1298 2073 1301 2078 ·

127 2151 246 2235 poesin
256 2150 504 2236 perintervalla
514 2152 665 2215 insaniae
674 2151 895 2235 compositam
906 2149 1004 2225 dicit,
1016 2149 1078 2222 sed
1088 2150 1234 2235 aliquam

85 2237 93 2256 '
126 2255 284 2333 partem.
309 2247 386 2310 olim
405 2246 510 2311 fuisse
532 2247 590 2332 qui
612 2267 648 2310 se
670 2267 793 2312 nomen
807 2267 943 2331 quoque
957 2247 1074 2310 uxoris
1087 2247 1236 2314 Lucretii

126 2343 319 2428 repperisse
333 2350 512 2429 putarent,
527 2344 651 2410 Petrus
666 2342 814 2408 Crinitus
827 2348 975 2406 testatur
990 2364 999 2406 z
1017 2351 1140 2428 postea
1154 2344 1236 2410 Sca·

125 2441 211 2528 liger
225 2487 234 2516 ‚
250 2441 343 2504 ouius
364 2440 528 2526 insignem
550 2439 718 2526 quendam
739 2460 887 2504 errorem
909 2439 1018 2506 sciens
1038 2449 1235 2526 praetereo,

127 2536 271 2604 eandem
284 2559 353 2604 rem
371 2539 469 2624 qnasi
477 2559 600 2603 novam
610 2538 753 2623 protulit
765 2537 811 2602 ad
819 2537 1003 2604 Eusebium
1013 2559 1045 2604 n.
1058 2537 1155 2604 1922.
1170 2541 1236 2606 eci-

126 2637 205 2702 licet
216 2635 253 2702 in
266 2635 490 2722 nugacissimo
503 2635 634 2712 libello,
647 2635 705 2720 qui
713 2635 802 2699 inter
813 2633 1013 2722 Hieronymi
1023 2655 1128 2722 opere
1141 2643 1235 2704 tomo

128 2755 165 2798 ιι
180 2732 289 2798 editus
305 2741 357 2800 est
375 2734 423 2800 ita
435 2734 619 2819 inscriptus
635 2779 643 2808 ‚
666 2733 805 2798 Valeriae
818 2731 947 2822 Raffiao
962 2779 971 2808 ,
990 2757 1029 2798 ne
1048 2735 1141 2800 ducat
1158 2759 1235 2802 cro-

126 2853 192 2896 rem
204 2879 213 2912 ,
229 2854 262 2917 p.
270 2831 331 2898 245
344 2833 431 2898 haec
442 2833 602 2919 leguntur
615 2879 623 2896 .
637 2831 732 2898 Iioia
743 2833 844 2896 oimm
857 2853 946 2895 mam
959 2831 1129 2919 interfecit,
1146 2857 1235 2920 praem

126 2931 217 2993 nimis
230 2931 304 2994 odiit
319 2955 331 3011 ,·
353 2929 494 2996 Lucillia
506 2953 612 3009 mam,
624 2951 713 3016 quem
724 2931 817 2992 aima
831 2930 962 2992 amavit.
976 2929 1033 2992 illo
1046 2942 1149 3014 speram
1161 2935 1234 2998 nde

128 3029 189 3092 ocii
201 3030 377 3107 accidiam,
395 3029 470 3092 laec
489 3029 614 3112 decepta
626 3027 771 3112 furorem
784 3025 963 3110 propinavit
976 3045 1038 3108 pro
1054 3029 1168 3091 amomo
1175 3050 1235 3112 po-

127 3126 213 3190 culo.
229 3127 342 3200 amice,
353 3125 514 3188 convaciis
528 3124 741 3188 conrardo-cm
753 3123 825 3186 cotie
838 3124 914 3186 miae
923 3167 932 3200 ,
946 3131 1056 3186 neuma
1069 3131 1170 3188 tamea
1183 3125 1235 3188 de-

118 3223 274 3310 frmrdalo
288 3219 699 3308 eelfioefroudiesemiaeoe
713 3230 741 3284 el
747 3220 878 3304 proprio
891 3218 1005 3284 aucei
1017 3219 1145 3284 domam

210 3317 280 3382 931.
296 3339 404 3394 ouon
420 3317 618 3391 naorath
632 3317 720 3384 libro
735 3323 857 3402 quarto
871 3315 892 3380 6
905 3337 1076 3382 necrus.

210 3415 280 3482 932.
295 3437 528 3482 axsonvsnr
543 3414 747 3482 ronco.In
763 3423 884 3500 quarto
899 3435 1046 3479 renco.

210 3512 280 3579 942.
296 3514 378 3579 Snn
398 3536 544 3580 rorrus
559 3535 646 3578 rear
661 3535 788 3578 raoro
803 3533 1007 3578 arcemn
1020 3533 1234 3578 vanasour.

127 3613 166 3676 In
176 3605 264 3676 libro
276 3617 398 3696 quarto
408 3612 465 3675 rati
475 3622 590 3686 oraclo,
602 3631 645 3676 ex
656 3631 723 3698 quo
736 3609 894 3696 quadrati
904 3610 978 3696 ipse
989 3610 1118 3697 primus
1128 3611 1235 3698 scrip-

127 3708 278 3788 torfecit
292 3707 493 3796 corrigendo
507 3710 687 3774 idioticam
704 3755 711 3772 .
731 3707 799 3774 hoc
813 3707 998 3774 absurdum
1013 3715 1065 3772 est
1080 3731 1087 3770 :
1104 3715 1235 3774 attactu

127 3805 233 3872 mellis
247 3827 317 3870 non
331 3805 545 3872 convalescet
558 3826 662 3891 puer,
677 3805 739 3872 sed
754 3805 914 3872 absinthii
927 3805 1084 3890 potione,
1096 3805 1166 3870 sive
1182 3825 1234 3870 er-

128 3923 225 3979 rore,
239 3911 278 3968 ut
297 3903 426 3989 placuit
438 3903 569 3978 Tamo,
584 3903 626 3966 do
646 3905 798 3988 cepam>
819 3925 874 3968 seeo
892 3951 899 3965 .
919 3902 975 3966 toli
986 3901 1075 3988 scoto
1095 3915 1235 3970 reor-eolo

128 4001 267 4088 probari
279 4009 414 4086 posset,
425 4003 454 4066 si
468 4000 524 4067 hio
536 3999 779 4066 Ovidiiversus
790 4006 897 4074 esset,
910 3998 968 4082 qui
982 3997 1118 4084 scripsit
1131 3999 1167 4064 in
1180 4021 1234 4066 re-

129 4095 247 4162 medii·
275 4101 396 4164 amoris
417 4100 479 4164 479
505 4099 595 4180 Qicod
612 4099 707 4186 eipuie
725 4107 856 4162 aaaron
868 4097 992 4184 saonen
1018 4096 1074 4162 loo
1099 4098 1234 4178 iactam,

128 4193 256 4275 Aoiioi5
266 4197 393 4263 scilieet
407 4218 476 4263 non
486 4204 637 4262 vestrum
647 4243 655 4272 ,
666 4193 729 4262 sed
740 4215 866 4260 meum.
881 4202 918 4260 at
927 4195 1100 4260 veteribus
1108 4194 1145 4260 ln
1150 4195 1236 4282 sacti

127 4293 295 4361 vocabulo
317 4295 477 4382 singulari
496 4315 637 4360 numero
651 4294 765 4378 posito
779 4291 903 4358 nullam
918 4293 1061 4360 subiecti
1074 4292 1233 4358 vadatio-

127 4411 203 4455 nem
218 4389 398 4458 admittere
411 4392 556 4479 placuit.
570 4393 685 4478 itaque
696 4391 837 4456 Plautus
851 4389 923 4456 sinc
937 4389 1006 4456 ulla
1017 4388 1234 4474 ambignitate

126 4488 265 4574 scripsit
278 4487 313 4552 in
326 4487 470 4573 Epidico
481 4513 503 4565 1,
511 4489 570 4566 2,6
588 4491 649 4568 Qui
661 4491 816 4568 inrident,
835 4491 932 4554 mmaie
943 4489 1082 4554 inimicos
1099 4486 1143 4548 mi
1161 4486 1234 4550 hice
