2990 5202
662 511 712 580 lV
1169 511 1239 580 217

128 709 251 754 manu:
272 709 383 773 neque
403 687 501 752 aliter
521 685 686 750 Marullus
698 705 828 770 ,·qucm
843 707 958 750 omnes
974 693 1156 750 secuntur.
1178 685 1240 751 red

128 809 196 852 non
208 787 297 864 solet
308 794 375 852 tam
391 787 608 874 neglegenter
619 787 768 849 membra
780 785 943 849 orationis
959 786 1162 870 coniungere
1172 785 1240 848 Lu·

129 887 270 960 cretius,
283 886 340 971 qui
351 885 443 952 haud
454 885 555 952 dubie
567 884 745 970 scripsisse
755 882 945 948 censendus
957 893 1009 948 aet
1019 895 1047 948 et
1056 905 1162 958 ocae
1173 895 1242 948 sum

125 982 348 1070 praenoscente
367 984 484 1048 locata.
506 981 720 1067 nequeenim
740 981 994 1065 praepositione
1009 1001 1096 1066 opus
1111 989 1182 1045 est.
1203 982 1238 1044 in

129 1105 149 1154 1,
158 1081 222 1146 978
234 1082 356 1170 finique
375 1082 452 1145 locet
467 1103 520 1144 ee.
543 1080 623 1144 item
647 1077 733 1142 1022.
754 1077 870 1143 Ordine
885 1102 916 1141 ce
930 1101 985 1142 eac
999 1099 1136 1164 quaeque
1157 1081 1239 1145 locc-

128 1190 214 1243 ruct.
229 1181 264 1243 in
279 1177 393 1254 1v‚204
405 1181 472 1243 'icen
482 1180 589 1265 priano
601 1178 710 1265 fronte
717 1186 851 1262 parato.

211 1275 262 1340 72.
290 1275 383 1340 Nau
406 1299 534 1340 cnara
557 1297 707 1339 racana
734 1295 951 1338 ncruuorur
973 1295 1107 1337 uonna
1123 1297 1240 1338 vinn-

129 1397 203 1438 uus
219 1421 227 1437 .
250 1371 427 1460 Oblongus
441 1378 576 1440 iacecere
591 1375 755 1459 acierpiri.
774 1374 809 1436 in
825 1371 994 1457 quadrato
1006 1373 1241 1458 'antiquissima

128 1495 249 1538 manus
271 1483 351 1560 post
371 1478 472 1540 iacere
492 1499 513 1539 a
533 1474 717 1562 adscripsit
738 1476 820 1552 ειη,
843 1494 886 1538 ex
905 1475 933 1536 ci
952 1469 1036 1536 fecit
1048 1495 1088 1550 a,
1110 1475 1141 1536 ri
1161 1473 1240 1538 sub·

131 1571 247 1645 duxitr
268 1593 337 1658 quo
353 1571 495 1638 eflicitur
510 1575 610 1638 iacere
625 1595 663 1636 ac
677 1573 812 1657 incepi.
827 1571 899 1635 hoc
909 1572 1019 1656 ipsum
1031 1570 1240 1648 Gronovius,

130 1692 207 1734 cum
219 1670 446 1735 emendatoris
457 1691 592 1735 manum
603 1692 672 1735 non
683 1691 825 1756 prorsus
837 1669 1096 1754 adsequeretur,
1108 1669 1240 1735 coniec-

130 1776 208 1832 tura
226 1769 400 1832 inventum
421 1769 537 1854 posuit
557 1769 592 1832 in
608 1769 905 1833 observationibus
919 1789 952 1852 p.
966 1766 1029 1832 259
1042 1791 1050 1844 3
1073 1789 1141 1853 quo
1156 1768 1239 1834 nihil

128 1865 294 1932 infelicius
309 1875 368 1931 aut
382 1876 451 1932 tam
466 1865 604 1952 egregio
616 1866 691 1930 viro
706 1867 816 1930 minus
826 1865 962 1951 dignum
978 1867 1163 1953 excogitari
1179 1889 1239 1954 po·

130 1966 196 2029 tuit
210 2013 217 2028 .
240 1973 367 2050 quanto
382 1966 501 2031 melius
515 1963 592 2028 itali
607 1971 643 2030 et
655 1963 822 2029 Marullus
836 1965 937 2028 iecere
951 1987 990 2027 ac
1003 1966 1157 2030 icadas-il
1177 1963 1240 2031 sed

129 2085 246 2128 verum
263 2073 315 2129 est
328 2067 430 2130 iacere
444 2085 665 2128 censuerat
680 2065 777 2127 multu
790 2064 941 2127 adema.

214 2162 263 2226 75.
286 2183 496 2252 suessona
517 2183 645 2225 vane.
668 2159 725 2225 Sic
741 2160 949 2246 quadratus:
970 2160 1137 2248 oblongus
1151 2185 1240 2226 muc-

130 2283 205 2348 qae.
221 2259 382 2324 Heinsius
396 2261 431 2323 in
443 2259 620 2324 Prudentii
630 2258 705 2344 peri
716 2259 827 2344 steph.
839 2258 939 2332 asoa
954 2282 1040 2324 muso
1051 2259 1162 2336 dedit,
1177 2261 1240 2325 ita-

131 2377 198 2442 que
209 2366 326 2422 vetera
341 2358 546 2442 exemplaria
556 2357 722 2422 Martialis
735 2380 802 2433 xrv,
821 2357 896 2432 176,
911 2357 1047 2422 codices
1059 2357 1180 2423 Catulli
1190 2361 1240 2434 39,

134 2456 173 2519 19
187 2479 308 2534 mem,
327 2467 447 2521 murata
461 2457 497 2521 in
508 2455 624 2520 Orellii
639 2455 917 2540 inscriptionibus
934 2454 1158 2522 2593-2599.
1172 2481 1240 2523 reee-

130 2577 198 2618 eum
212 2552 393 2619 dicendum
409 2575 483 2620 esse
492 2603 500 2636 ,
515 2577 584 2620 non
598 2577 734 2620 nuceam
743 2603 758 2634 ,.
769 2553 941 2620 Charisius
957 2553 1059 2620 docet
1073 2579 1105 2641 p.
1117 2557 1173 2622 55.

214 2652 514 2718 wasnaum
529 2652 1002 2738 raucru.1taquadratus,
1005 2653 1241 2743 flecteu;quod

131 2750 387 2836 Havercampus
406 2773 475 2816 non
497 2753 609 2838 potuit
623 2751 753 2840 legere:
777 2751 945 2838 oblongus.
958 2773 1075 2816 vocem
1099 2756 1239 2820 omittit.

130 2857 225 2914 recte
233 2845 412 2914 Turnebus
427 2871 611 2914 rcuraur
627 2898 633 2912 .
653 2851 703 2914 ita
717 2872 767 2924 111,
782 2849 840 2914 189
857 2850 975 2914 locello
991 2853 1120 2916 maniae
1130 2853 1240 2941 flator.

133 2946 215 3032 quid
229 2950 315 3012 enim
331 2969 454 3012 causae
464 2949 509 3012 sit
526 2948 709 3036 curflctare
720 2947 893 3020 reiciatur,
907 2957 1017 3026 amore
1031 2948 1074 3012 ab
1086 2951 1241 3015 omnibus

130 3045 440 3132 probetuerarro
448 3048 561 3136 flectent
570 3066 613 3108 an
615 3045 766 3132 fledenae
777 3042 901 3107 dixerit
910 3044 1073 3108 incertum
1084 3055 1242 3130 putatur,

132 3145 212 3230 quia
225 3163 323 3207 nemo
339 3142 452 3207 adhuc
467 3149 584 3206 vetera
598 3140 762 3204 Macrobii
779 3138 984 3222 exemplaria
998 3143 1163 3218 excussit,
1184 3145 1241 3228 qui

133 3241 300 3306 Varronis
314 3243 420 3306 verba
434 3240 586 3305 exhibuit
601 3240 635 3302 in
649 3261 675 3301 11
691 3237 919 3302 Saturnalium
936 3237 970 3301 11
984 3285 991 3302 .

218 3338 676 3404 78.urouunuScssuaa
695 3359 868 3401 srscreu
883 3357 1241 3402 rarauuusrauu-

133 3461 208 3516 oue
231 3459 394 3502 nnonuu
415 3438 654 3502 Iurrcruur.
679 3433 861 3500 Corrector
882 3433 1020 3520 oblongi
1043 3434 1243 3500 Scaeuolae:

133 3535 322 3623 quadratus
335 3537 480 3601 Scaermli
492 3539 621 3623 persen
635 3544 720 3621 (non
731 3531 901 3620 specimen:
915 3534 1188 3620 Havercampus,
1203 3545 1244 3600 ut

133 3637 237 3710 solet,
253 3633 359 3720 fallit)
370 3634 538 3701 subducta
548 3659 579 3699 m
589 3635 720 3709 littera,
736 3634 832 3720 quasi
845 3632 1006 3708 delenda,
1020 3633 1131 3696 omnia
1140 3655 1241 3698 mauu

133 3735 242 3820 prima
253 3741 312 3798 aut
324 3741 416 3798 certe
427 3735 582 3820 antiqua.
592 3734 862 3800 vereLambinus
872 3732 1057 3797 Scaurum
1068 3780 1075 3806 ‚
1088 3733 1159 3796 sive
1168 3735 1240 3798 See-

132 3835 187 3898 nca'
195 3859 206 3896 .·
221 3853 296 3897 nam
307 3833 345 3896 iu
354 3831 454 3896 huius
465 3831 557 3896 modi
567 3834 669 3897 rebus
681 3833 738 3916 qui
751 3829 975 3894 constantiam
987 3830 1177 3913 postulant,
1192 3831 1241 3894 in-

134 3939 212 4016 epte
227 3929 352 3994 cumosi
366 3937 462 4006 sunt,
485 3928 580 3993 obliti
595 3929 653 3992 vix
668 3949 868 4014 quemquam
884 3947 958 3990 esse
971 3927 1028 4011 qui
1043 3947 1085 3991 ex
1100 3927 1244 3994 diversis

134 4030 332 4094 alterutrum
348 4036 442 4094 certo
455 4027 596 4094 consilio
612 4035 775 4113 sequatur
791 4047 831 4090 ac
841 4047 910 4088 non
925 4027 1038 4109 potius
1054 4047 1094 4090 eo
1107 4027 1200 4112 quod
1213 4028 1243 4091 ei

134 4107 237 4192 velia
255 4149 294 4192 os
310 4127 365 4191 vel
379 4128 442 4192 sub
457 4127 622 4210 calamum
631 4125 746 4189 veniat
761 4133 893 4188 utatur.
909 4145 952 4188 an
967 4121 1162 4188 Ciceronem
1174 4147 1242 4190 uno

134 4233 229 4291 certo
245 4211 407 4309 temporis
423 4233 592 4291 momento
607 4226 735 4312 palmos
753 4224 873 4308 Cetepos
887 4225 1032 4309 tricrapos
1051 4226 1245 4309 Ucrtcpiaero

134 4325 249 4391 dicere
264 4322 406 4388 desiisse
420 4322 708 4390 existimabimus?
730 4323 845 4407 itaque
860 4321 1038 4388 Lucretius
1053 4324 1088 4386 in
1102 4323 1169 4386 hoc
1183 4340 1248 4382 voe

135 4421 257 4488 cabulo
273 4443 369 4484 usum
384 4422 484 4497 alias,
506 4423 588 4488 alias
602 4422 768 4486 rationem
782 4421 877 4504 sequi
893 4421 1021 4506 potuit.
1042 4441 1119 4483 nam
1133 4441 1246 4482 scaeua

136 4543 196 4586 cur
209 4527 390 4606 argenteae
401 4521 610 4606 potissimum
624 4520 727 4584 aetati
737 4517 951 4584 adscribatur
962 4541 1030 4583 non
1040 4516 1158 4592 video,
1170 4535 1244 4579 cum
