3034 5204
747 501 762 570 l
1264 500 1306 568 31

175 673 299 764 'apelez
311 689 430 742 necesse
443 685 485 740 eel
497 677 531 740 in
544 675 721 761 delipendo,
742 675 850 740 deon
864 697 953 762 quem
960 673 1105 760 probabit
1112 722 1122 754 ,
1137 676 1218 738 ies-eo
1232 697 1312 760 petae

196 777 334 840 marine
345 775 506 848 moenera,
522 797 559 837 ea
572 774 797 860 diligentissime
803 782 1024 860 persequatur.

281 871 351 936 227.
373 871 488 936 Uuos
510 893 696 936 Αιιιιιιιιιι
719 893 863 938 cauus.
884 871 1046 956 Disputat
1059 871 1128 936 hoc
1139 868 1313 937 Charisius

198 969 405 1056 pffimffl.

281 1068 353 1134 230.
368 1067 483 1132 Uror-2
498 1089 623 1142 aeus,
636 1089 836 1134 tuoruum
851 1063 1023 1144 scuras,
1039 1089 1311 1146 uxrnuueona

198 1189 333 1232 nouos
352 1165 543 1232 Fnourua
565 1166 882 1232 suersorreur?
904 1165 1024 1252 Neque
1038 1177 1161 1232 eramo
1177 1167 1312 1232 llumian

198 1267 254 1331 hic
276 1265 386 1330 locum
404 1263 532 1329 hebere
546 1273 710 1349 possunt,
728 1286 841 1352 neque
854 1266 942 1351 longe
955 1275 1080 1330 enimn
1094 1285 1181 1349 quae
1197 1263 1312 1330 dican·

198 1373 255 1430 eur
271 1365 361 1438 scio,
383 1369 419 1426 et
432 1362 538 1428 multo
553 1363 662 1428 minus
678 1363 849 1449 quomodo
864 1364 953 1448 longe
965 1364 1170 1449 suppeditent.
1185 1362 1311 1428 Wake-

151 1498 160 1509 ·
201 1460 320 1526 heldus
345 1483 387 1525 ex
413 1460 531 1526 codice
555 1462 670 1528 nescio
695 1483 763 1547 quo
788 1463 895 1527 musei
919 1461 1107 1526 Britannici
1131 1473 1313 1548 nemoque

201 1560 303 1645 lonpe,
315 1558 408 1644 quod
419 1558 525 1624 nihilo
534 1559 640 1646 magis
651 1560 813 1646 explicari
824 1567 956 1645 potest.
970 1559 1052 1624 mihi
1062 1566 1166 1644 poeta
1175 1557 1313 1625 videtur

200 1657 377 1742 scripsisse
405 1679 673 1744 sarsuraqoe
700 1660 786 1744 lonpe
811 1657 982 1732 Flemina,
1009 1657 1045 1722 in
1068 1657 1312 1744 longitudinem

201 1763 360 1831 extenta,
386 1777 473 1842 quae
495 1758 587 1842 leupo
609 1756 769 1822 dicuntur
792 1755 915 1822 Ovidio
937 1757 972 1820 in
993 1755 1313 1841 metamorphoseon

199 1853 357 1930 x1v‚339.
878 1862 883 1872 '

282 1949 352 2018 240.
376 1951 504 2017 Inrau
525 1974 568 2016 ss
589 1975 718 2018 naxus
740 1975 865 2018 arnus
887 1976 967 2018 eur
989 1975 1116 2019 alors
1138 1975 1313 2018 renora-

200 2073 222 2114 o
231 2073 241 2113 ι
250 2071 301 2114 ra
313 2099 321 2114 .
334 2049 535 2116 Rectissime
547 2051 714 2116 Marullus
727 2075 749 2118 u
758 2073 851 2124 uxor
867 2073 967 2136 quem
982 2059 1120 2118 secutus
1131 2050 1313 2116 Wakefiel-

200 2147 267 2212 dus
279 2147 426 2234 pessime
437 2148 702 2231 iuterpretatur:
717 2169 786 2212 non
802 2149 975 2230 enimes,
990 2148 1053 2214 scd
1066 2149 1143 2232 ipsa
1156 2149 1314 2216 materies

198 2245 290 2310 inter
303 2266 341 2308 se
355 2264 444 2308 nexu
458 2244 621 2329 impedita
635 2266 710 2310 esse
725 2243 862 2310 dicitur.

285 2341 355 2406 257.
377 2341 484 2406 Hunc
500 2363 844 2407 russasrncunss
859 2363 1048 2406 ernours.
1070 2341 1319 2418 SicVossiani,

200 2439 370 2505 Antonius
384 2439 500 2516 Marii,
514 2439 699 2506 Brixiensis
714 2438 818 2504 editio
827 2488 835 2517 ‚
844 2440 972 2526 piapuie
982 2465 993 2502 :
1012 2440 1047 2506 in
1061 2437 1198 2504 schedis
1212 2461 1313 2504 voca·

199 2539 317 2605 bulum
338 2538 496 2604 omissum
512 2539 588 2604 es'se
601 2537 802 2623 perhibetur
815 2531 829 2614 ,’
844 2547 879 2604 ct
893 2538 1082 2604 recentiore
1096 2559 1196 2602 manu
1211 2559 1315 2624 super

202 2636 364 2721 scriptum
377 2638 527 2723 perpetes.
550 2637 595 2701 ad
609 2635 751 2724 Vergilii
769 2657 904 2702 versum
922 2637 957 2702 in
974 2639 1157 2725 georgicon
1172 2635 1313 2716 111,124.

202 2735 259 2800 ubi
275 2743 328 2800 cst
341 2737 432 2800 denso
446 2736 612 2800 dhmeden
619 2737 748 2822 piapen,
763 2735 880 2802 lunius
890 2735 1125 2824 Philargyrius
1135 2736 1250 2826 Rapui
1262 2735 1314 2800 in·

204 2833 276 2918 quit
295 2835 426 2900 absolate
441 2836 562 2919 poeni,
582 2845 617 2898 ul
630 2845 674 2899 est
685 2835 765 2898 illud
777 2833 1017 2914 moenum,
1037 2833 1210 2922 Ificfeseae
1218 2857 1313 2921 pecu

202 2934 254 2996 dee
268 2955 409 2997 rruour
422 2981 429 2996 .
449 2925 491 2995 in¹
497 2933 659 3017 proximis
674 2930 719 2997 de
732 2933 858 2996 mnebne
872 2931 956 3018 quid
969 2931 1119 2998 Scaurus
1132 2932 1315 3016 protulerit

202 3029 310 3096 dicam
325 3031 370 3095 ad
383 3030 501 3096 librum
517 3031 656 3106 v‚10'1'7.
701 3111 702 3116 η

286 3127 357 3196 263.
372 3127 546 3209 Quanoo
566 3149 661 3191 eurr
677 3149 727 3190 nx
741 3147 845 3190 auno
860 3147 1041 3191 nnsrcrr.
1056 3124 1239 3190 Corrector
1253 3127 1314 3191 ob·

202 3226 294 3312 longi
313 3249 352 3292 ee
372 3228 442 3306 ulo,
465 3224 658 3312 quadratus
672 3224 926 3310 praepositione
946 3224 1070 3290 omissa
1090 3225 1158 3289 alo.
1178 3222 1255 3288 Itali
1276 3247 1315 3288 en

202 3346 315 3389 ιιιιο.

285 3422 356 3487 264.
371 3445 455 3488 rerer
470 3445 603 3488 nourr
619 3445 780 3488 ausura
795 3443 965 3488 aeruna.
980 3419 1163 3488 Corrector
1177 3420 1315 3508 oblongi

203 3542 377 3586 aaron.
895 3525 905 3545 '

286 3617 357 3683 269.
385 3640 489 3695 ouer
519 3641 724 3685 corrone.
757 3620 843 3700 Quae
868 3618 1036 3705 oblongus
1061 3627 1097 3684 et
1120 3617 1316 3684 Priscianus

192 3739 236 3801 Vp.
246 3717 323 3791 947,
344 3723 518 3782 corrector
533 3717 669 3804 oblongi
684 3719 768 3805 qnod
775 3765 784 3797 ,
803 3715 991 3802 quadratus
1006 3725 1041 3780 et
1055 3715 1203 3780 schedae
1217 3717 1314 3781 omit·

203 3821 296 3880 tunt.

287 3911 359 3978 271.
374 3935 499 3977 vaurr
519 3933 585 3978 vrs
605 3934 813 3977 vrassnar
830 3933 972 3976 rucrre
987 3931 1158 3976 corros.
1173 3909 1314 3976 Correo·

205 4019 262 4076 tor
283 4012 421 4099 oblongi
440 4021 552 4092 tonas,
573 4011 731 4097 quadrati
751 4033 880 4096 empna,
900 4008 1069 4075 Antonius
1083 4008 1183 4074 Marii
1191 4021 1316 4096 ponae,

206 4108 369 4176 Marullus
378 4121 524 4196 pontum.
545 4109 625 4174 mihi
645 4108 783 4174 dubium
802 4128 871 4172 non
891 4106 1026 4172 videtur
1042 4107 1124 4193 quin
1136 4107 1314 4195 legendum

206 4206 251 4273 sit
265 4229 433 4273 caurus.

289 4305 360 4370 275.
375 4327 442 4370 rra
465 4328 664 4370 ruuruurr
684 4327 779 4371 acer
795 4302 881 4369 Cure
898 4325 1075 4368 susurru
1089 4325 1314 4378 susurrone

205 4427 354 4469 uruaor
377 4427 568 4469 aurnuns
589 4427 764 4470 rourus.
786 4405 833 4469 At
851 4424 892 4468 ea
912 4423 1001 4488 quoe
1020 4411 1098 4468 ante
1118 4401 1204 4468 haec
1222 4399 1314 4464 dicta

204 4511 302 4575 sunt.
316 4513 355 4567 ut
369 4511 564 4568 sternantur
578 4505 718 4570 arbores
733 4513 768 4567 ct
781 4509 948 4568 vexentur
961 4515 1092 4568 montes
1102 4547 1111 4572 ,
1123 4509 1233 4583 poetro
1245 4516 1316 4562 uon
