2990 5202
306 473 377 544 202
837 469 887 540 111

306 668 412 732 supra
424 653 570 731 uterque
589 646 696 734 Tityon
718 694 726 709 .
747 643 907 732 quadrati
927 655 1102 712 corrector
1122 655 1157 712 et
1171 647 1249 712 itali
1269 647 1394 712 turer:

307 746 386 812 olim
400 743 556 830 impressi
570 744 620 808 ce
631 735 677 808 'ea

391 843 462 908 994.
477 863 681 908 seruantur
698 862 933 906 curramus
949 841 1268 907 curs.Gorrector
1282 841 1395 926 oblongi

306 943 464 1028 torpedine
470 939 1004 1026 ,quadreticummmiuque
1012 941 1141 1025 primus
1149 949 1234 1028 post
1242 939 1394 1005 cumlau-

306 1041 406 1105 binus
418 1061 493 1104 cum
504 1037 666 1104 Turnebo
677 1039 713 1102 in
727 1037 1000 1103 adversariorum
1010 1038 1072 1114 x,8
1089 1087 1096 1102 .
1115 1039 1206 1106 libro
1217 1039 1298 1114 v,45
1312 1038 1394 1118 Quae
1417 1101 1419 1110 ,

307 1151 356 1203 tce
368 1149 432 1202 tam
444 1138 585 1202 scindunt
596 1137 745 1201 homiaem
759 1137 937 1222 appediciis
951 1159 1039 1202 acres
1053 1138 1228 1204 Sollicitari
1242 1161 1331 1202 carce
1348 1185 1354 1199 .
1370 1135 1395 1198 iu

306 1257 407 1302 versu
422 1236 575 1324 proximo
590 1257 709 1322 quoque
723 1235 849 1300 omittit
863 1234 1067 1321 quadratus.
1152 1277 1156 1288 .
1227 1235 1229 1238 ’

390 1326 460 1400 907.
475 1355 698 1410 rnrsrroua
713 1355 892 1397 nsosnrr
912 1381 919 1396 .
943 1331 1126 1398 Correotor
1140 1331 1302 1418 quadrati
1314 1337 1395 1396 etce-

306 1433 372 1498 teri
385 1453 626 1522 rarsrrsouu
637 1479 645 1495 .
656 1430 820 1496 Horatius
829 1454 914 1516 porto
927 1433 1078 1519 tutique
1089 1431 1217 1496 recedo.

389 1531 460 1596 999.
481 1551 615 1595 nuauu
635 1551 827 1595 aaronem
846 1529 1180 1595 sueri-:rammam
1196 1537 1361 1595 corrector
1372 1533 1395 1590 et

306 1629 463 1716 impressi
477 1648 679 1692 suesanus
695 1649 903 1692 aauousu.

394 1726 481 1790 1001.
504 1745 609 1800 ouon
643 1746 776 1788 riuus
808 1746 941 1790 suuuo
974 1748 1048 1790 rau
1080 1747 1258 1790 vaurrcr
1289 1743 1394 1788 susus

307 1825 522 1890 Vouvrrua
532 1870 539 1885 .
551 1821 715 1888 Marullus
726 1845 890 1903 osammo,
901 1824 1066 1888 Aventius
1076 1845 1096 1886 u
1106 1845 1243 1888 mammo.
1254 1825 1290 1886 iu
1299 1817 1395 1896 v‚1125

309 1921 1188 1997 Etummeermow.in1v‚8oeestmmo.in111‚197
1209 1915 1395 2008 Cepereetcl

305 2044 438 2087 summo.

393 2120 482 2186 1005.
504 2119 617 2200 Quou
647 2139 827 2182 recruur
849 2139 973 2182 nouis
994 2139 1194 2182 rusorum
1216 2135 1394 2184 rausum,

308 2241 457 2285 crucum
481 2217 564 2283 Cuu
585 2237 772 2280 nsnrurtr
791 2263 798 2277 .
822 2215 953 2280 Nonius
969 2226 1150 2300 quaeante
1163 2216 1253 2282 haec
1266 2213 1394 2300 proxime

305 2319 420 2404 posita
433 2325 511 2382 sunt
526 2314 641 2380 attulit
651 2337 683 2400 p.
693 2313 792 2390 298,9
808 2321 843 2378 et
856 2311 926 2389 424,
936 2314 972 2378 6:
986 2313 1043 2379 hie
1054 2362 1062 2390 ‚
1073 2315 1132 2380 ubi
1144 2315 1345 2400 interpretes
1356 2317 1394 2372 te·

306 2423 408 2492 cent,
425 2437 488 2480 uos
502 2434 573 2477 non
586 2411 726 2477 adiuvat
744 2460 752 2476 .
775 2433 903 2498 quaero
919 2413 1005 2477 euim
1020 2412 1102 2498 quid
1115 2411 1200 2478 illud
1217 2413 1261 2478 sit
1273 2407 1372 2500 pleds
1385 2439 1394 2452 ·

306 2515 391 2579 darc
407 2514 492 2577 nobit
512 2510 590 2574 anni
610 2517 764 2595 tempora
780 2534 788 2573 t
811 2531 887 2574 uam
904 2519 995 2576 certe
1011 2511 1089 2576 anui
1103 2533 1172 2576 nou
1187 2509 1331 2582 faciunt,
1347 2501 1394 2568 sed

307 2608 477 2694 cupiditas
491 2612 632 2682 nostra,
654 2615 693 2670 ut
714 2607 843 2672 animus
856 2629 1038 2694 numquam
1053 2608 1232 2694 expleatur
1247 2617 1342 2693 atque
1354 2621 1394 2666 sa·

305 2707 411 2771 tietur
425 2753 432 2770 .
453 2724 594 2790 pascere
609 2702 745 2790 quidem
759 2706 838 2769 anni
852 2713 1005 2792 tempora
1019 2707 1164 2772 animum
1178 2755 1187 2787 ‚
1207 2729 1277 2772 non
1291 2719 1394 2786 corpus

305 2811 436 2870 tautum
453 2849 461 2878 ‚
482 2800 612 2868 facilius
627 2799 811 2866 concedam
827 2849 835 2878 ‚
856 2802 919 2868 sed
933 2825 1003 2868 nou
1016 2806 1132 2869 circum
1145 2806 1394 2870 redeuoticruam

306 2905 422 2968 circem
435 2901 536 2966 redire
551 2900 634 2986 quid
649 2901 693 2966 'sit
707 2921 777 2964 uon
789 2900 968 2989 intellego.
985 2901 1114 2968 seilicet
1127 2905 1212 2991 qood
1225 2897 1393 2969 coniunctio

306 3010 380 3078 est,
396 3001 470 3076 ita,
491 2999 717 3086 'Quodscciuot
729 2999 813 3064 nobis
827 3023 979 3065 cocorum
993 3012 1129 3087 terpora
1143 3023 1317 3075 vrorum,
1335 2996 1395 3062 Com

305 3101 431 3166 redeunt
442 3147 451 3180 ,
460 3099 605 3186 fetusque
610 3097 722 3184 semet
733 3099 894 3185 conosque
908 3099 1044 3183 lepores,
1060 3099 1130 3164 Nec
1143 3111 1247 3164 mmm
1261 3097 1394 3184 ιιγὶιηιϋτ

303 3197 537 3286 oitcismctihus
550 3219 714 3282 tunquam
727 3205 875 3260 ceterum
890 3197 1058 3282 oblongus
1072 3197 1129 3262 hic
1143 3195 1251 3264 habet
1265 3194 1307 3261 de
1319 3206 1394 3258 more

302 3295 544 3384 nicomedias,
556 3293 619 3358 sed
634 3293 822 3376 quadratus
836 3297 898 3358 eitc
912 3295 1084 3360 mecon.
1098 3295 1185 3360 haec
1200 3303 1311 3360 autem
1325 3303 1393 3375 quet

259 3447 263 3454 .
304 3396 350 3459 ad
364 3394 474 3458 Danai
490 3392 575 3456 filias
589 3392 760 3476 pertinent
780 3393 891 3457 omnia
917 3391 996 3458 1003
1010 3433 1044 3442 -
1062 3393 1141 3458 1010
1162 3393 1301 3458 Servius
1319 3390 1349 3453 iu
1367 3403 1393 3446 u

303 3488 475 3558 Aeneidos
490 3489 551 3554 596
565 3491 805 3573 praetermittit
821 3539 829 3567 ‚
853 3491 911 3557 ubi
932 3499 1046 3557 cetera
1065 3513 1084 3556 e
1097 3492 1258 3558 Lucretio
1273 3481 1394 3572 exponit
1458 3509 1459 3536 t

302 3591 371 3656 hoc
384 3585 506 3652 modo.
522 3587 607 3652 Sace
620 3589 657 3652 de
670 3588 717 3652 liis
731 3592 867 3654 omnibus
881 3591 969 3656 rebec
983 3593 1061 3655 orire
1073 3593 1174 3656 reddit
1185 3583 1392 3657 rationario

303 3690 413 3754 cretius
425 3735 434 3768 ‚
455 3696 484 3750 et
502 3686 661 3775 corcfirmot
677 3688 711 3750 tn
728 3699 833 3752 costa
846 3691 908 3754 ot'tc
922 3713 983 3754 ecee
998 3692 1100 3754 comio
1114 3713 1193 3776 quae
1198 3679 1392 3779 finpmterdc

302 3787 429 3875 inseris.
444 3784 518 3850 dicit
529 3805 661 3872 itemquo
676 3785 803 3872 Tityon
819 3809 954 3852 ammom
968 3810 1048 3866 esse,
1063 3785 1120 3852 loc
1133 3799 1177 3852 est
1189 3788 1351 3852 eosdm
1363 3811 1389 3823 ‘

301 3888 366 3972 iptio
381 3886 471 3950 etiam
485 3883 650 3949 Dercetius
664 3885 739 3949 dicit
746 3907 806 3971 per
821 3909 870 3950 eos
887 3933 896 3964 ‚
917 3887 1025 3973 quibas
1037 3885 1103 3950 iam
1117 3885 1183 3950 iam
1198 3902 1334 3951 casurus
1345 3878 1391 3940 im·

301 3983 406 4048 minet
419 3983 517 4067 stipis,
531 3983 749 4068 cepersdtiosos
761 3983 932 4073 sipaiſsccri
942 4031 951 4063 ,
962 3986 1017 4071 qui
1030 3985 1162 4050 inaniter
1176 4005 1293 4070 semper
1305 3995 1391 4042 tow·

301 4093 351 4146 tor
365 4079 442 4143 etde
456 4080 514 4142 diis
528 4090 556 4144 et
569 4083 653 4146 coelo
668 4093 696 4146 et
709 4083 783 4146 locis
796 4083 1003 4168 capacioribus
1016 4084 1096 4147 recle
1110 4084 1288 4168 opinantur.
1302 4113 1333 4126 -
1344 4091 1390 4159 pff

300 4201 349 4243 ecs
363 4187 463 4241 autern
477 4177 529 4261 poi
543 4197 661 4240 saxum
675 4179 817 4244 volvunt
832 4226 840 4254 ‚
864 4181 1010 4244 ambitum
1028 4182 1091 4245 orclt
1110 4192 1139 4244 et
1150 4181 1302 4266 repulsam
1314 4169 1391 4256 ripoi-

291 4276 408 4368 fieori‚
423 4273 498 4360 quia
511 4276 603 4340 semet
614 4277 731 4360 repulsi
736 4279 880 4362 petitores
895 4279 1010 4344 ambire
1024 4302 1085 4342 noa
1099 4278 1240 4342 deciam
1255 4325 1262 4341 .
1282 4271 1390 4339 scilicet

298 4372 534 4461 grammaticus
550 4371 701 4440 ordinem
717 4384 753 4440 et
766 4375 873 4440 verba
885 4373 1026 4463 Vergilii
1041 4376 1215 4462 sequitur,
1228 4397 1249 4442 a
1262 4391 1325 4460 quo
1335 4366 1390 4431 Dt-
1458 4361 1459 4376 ¹

297 4472 416 4538 naides
437 4491 507 4536 non
529 4481 834 4540 commemorantur
856 4523 862 4538 .
892 4475 954 4540 sed
975 4475 1065 4540 idem
1086 4473 1227 4540 Servius
1248 4489 1329 4558 quae
1347 4461 1389 4526 his
