2970 5268
607 461 671 530 llll

104 635 164 699 b'ee
178 635 302 700 divina
320 643 438 700 satum
453 635 628 720 genitalem
642 625 776 698 numina
790 635 944 720 cuiquam

73 751 262 826 absterrent,
274 763 389 838 peter
404 771 424 813 a
437 750 547 836 gnatis
561 769 605 813 ne
621 733 773 812 dulcibus
788 771 942 835 umquam

41 881 60 922 .·
71 863 238 948 appelletur
255 871 296 928 et
312 872 360 928 ut
373 865 479 930 sterili
492 863 627 928 Venere
643 864 756 950 exiget
769 885 903 943 eev0m3

70 977 140 1060 quod
154 978 379 1064 plerumque
393 986 530 1065 putant,
543 987 577 1043 et
589 978 693 1042 multo
710 979 869 1064 sanguine
884 984 999 1046 maesti

68 1100 290 1178 conspergunt
307 1113 392 1157 aras
406 1092 610 1178 adolentque
625 1093 741 1157 elte1ie
755 1091 868 1169 donis,

67 1214 92 1266 ut
102 1205 267 1290 gravidas
283 1206 580 1285 reddantuxores
591 1207 719 1271 semine
733 1206 843 1293 largo,

66 1339 95 1380 ne
108 1321 300 1406 quiquam,
315 1321 433 1386 divom
446 1341 567 1385 numen
583 1322 752 1406 sortisque
766 1320 925 1406 fatigent.

36 1452 122 1495 auam
136 1437 282 1502 steriles
299 1437 441 1500 nimium
455 1457 570 1500 cresso
586 1443 665 1500 sunt
678 1436 803 1500 semine
817 1437 955 1520 partim,

66 1555 90 1607 et
100 1546 230 1632 liquido
247 1558 398 1636 praeter
412 1551 533 1615 iustum
548 1551 707 1649 tenuique
721 1550 878 1614 vicissim.

69 1669 151 1725 tenve
164 1663 259 1728 locis
279 1665 367 1750 quio
380 1685 448 1730 non
463 1665 554 1752 potis
569 1673 622 1730 est
635 1663 781 1750 adfigere
795 1663 993 1743 adhaesum,

66 1771 186 1856 tqutur
203 1779 391 1864 extemplo
408 1786 441 1843 et
453 1788 647 1844 revocatum
662 1779 753 1844 cedit
767 1779 902 1844 abortu.

67 1889 197 1956 crassius
212 1893 277 1958 his
295 1914 401 1980 porro
416 1895 574 1979 quoniam
588 1895 778 1958 concretius
792 1913 901 1980 aequo

68 2001 214 2080 mittitur,
232 2016 303 2072 eut
317 2028 387 2071 non
400 2016 467 2072 tam
483 2008 614 2092 prolixo
628 2009 786 2093 provolat
798 2008 867 2072 ictu

69 2123 113 2178 aut
125 2128 321 2203 penetrare
336 2122 430 2186 locos
445 2143 551 2208 esque
566 2123 684 2208 nequit
697 2131 756 2187 eut
770 2131 980 2208 penetratum

70 2247 154 2314 segre
167 2233 388 2301 admiscetur
402 2236 553 2302 muliebri
567 2239 691 2302 semine
706 2257 834 2302 semen.

70 2362 132 2408 nem
145 2349 300 2414 multum
314 2351 505 2416 harmoniae
519 2352 661 2417 Veneris
677 2349 810 2416 differre
824 2351 993 2418 videntur.

72 2470 158 2542 etque
173 2463 264 2532 alias
282 2467 339 2531 alii
353 2466 522 2552 complent
534 2469 656 2554 inagis,
670 2489 713 2532 ex
728 2468 866 2553 aliisque

37 2585 61 2620 a·
72 2575 256 2662 succipiunt
272 2582 358 2646 aliae
372 2579 506 2667 pondus
520 2584 625 2668 magis
640 2584 741 2669 inque
755 2597 973 2670 gravescunt.

77 2693 103 2748 et
114 2692 241 2760 multae
257 2695 392 2762 steriles
405 2695 609 2784 Hymenaeis
624 2707 701 2763 ente
715 2698 852 2764 fuerunt

75 2799 236 2886 pluribus,
250 2819 287 2875 et
301 2817 420 2875 nactae
434 2821 515 2896 post
528 2821 607 2876 sunt
621 2819 732 2878 tamen
746 2812 836 2876 unde
851 2814 980 2898 puellos

76 2919 238 3007 suscipere
256 2933 292 2990 et
306 2932 405 3010 partu
421 2935 561 3012 possent
575 2925 738 2992 ditescere
754 2925 858 2990 dulei.

81 3037 244 3118 equibus
261 3048 340 3105 ante
356 3040 446 3106 domi
459 3040 624 3105 fecundae
639 3059 741 3124 seepe
755 3039 952 3123 nequissent

43 3152 67 3196 ze
79 3163 191 3216 mores
206 3175 349 3240 parere,
360 3157 530 3220 inventast
542 3155 607 3219 illis
622 3173 758 3239 quoque
774 3173 910 3238 compar

81 3269 187 3330 flatura
196 3316 205 3342 ‚
215 3277 256 3334 ut
270 3277 411 3354 possent
425 3270 535 3356 gnatis
549 3269 676 3334 munire
691 3274 871 3332 sementen.

79 3391 176 3460 usque
192 3382 283 3448 adeo
298 3385 407 3469 magni
420 3383 541 3460 refert,
552 3395 591 3450 ut
605 3383 730 3449 semine
743 3383 876 3468 possint

82 3492 252 3563 seminibus
268 3499 472 3563 commisceri
486 3499 673 3584 genitaliter
688 3506 779 3585 apte,

84 3619 255 3698 crassaque
271 3613 472 3678 conveniant
485 3613 620 3700 liquidis
635 3621 669 3678 et
682 3611 810 3698 liquida
824 3613 960 3678 crassis.

41 3713 72 3763 uu
83 3723 172 3804 atque
186 3727 222 3792 in
237 3749 279 3792 eo
292 3728 397 3792 refert
411 3748 478 3812 quo
493 3727 585 3792 victu
599 3729 669 3791 vita
684 3727 826 3792 coleurr:

87 3848 215 3924 naerque
230 3841 302 3906 eliis
317 3842 418 3906 rebus
433 3849 655 3906 concrescunt
669 3842 793 3905 semine
806 3841 975 3915 membris,

86 3951 173 4032 atque
188 3957 260 4022 aliis
277 3963 500 4021 extenvantur
514 3956 698 4039 tabentque
710 3955 869 4019 vicissim.

90 4067 116 4121 tt
128 4069 244 4149 quibus
258 4072 333 4157 ipse
347 4069 455 4135 modis
470 4077 633 4133 tractetur
646 4067 771 4133 blande
784 4069 940 4153 voluptas
948 4117 957 4147 ,

124 4251 277 4266 *-——-.-.—-

92 4341 144 4396 1234
162 4359 267 4418 praeter
291 4351 302 4418 [Ι
327 4355 391 4403 1243
410 4347 495 4402 eredit
513 4349 523 4420 ΙΙ
545 4355 608 4402 1244
627 4347 668 4402 hic
687 4349 697 4418 Η
717 4353 782 4400 1247
800 4347 903 4402 mulieri
925 4347 936 4418 ll
957 4355 1020 4403 1252
1038 4367 1088 4421 pos
1106 4349 1201 4417 111255

26 4425 27 4440 ’
90 4417 177 4486 Uxoris
196 4433 206 4504 l!
227 4437 292 4486 1259
310 4432 472 4486 conveniunt
490 4433 501 4502 ll
521 4437 584 4486 1262
603 4431 646 4485 alii
665 4432 675 4502 ΙΙ
694 4431 826 4501 tabesque
