2946 5188
228 392 273 462 56
778 393 809 462 ll

154 583 203 630 474
224 587 321 632 umor
336 565 443 631 dulcis
452 616 460 644 ‚
469 567 527 632 ubi
540 589 603 654 per
617 574 725 632 terras
741 566 890 662 crebrius
904 565 993 632 idem

226 681 436 767 percolatur,
446 688 484 745 ut
497 681 532 745 in
546 681 676 747 foveam
692 681 774 746 fluat
787 702 826 745 ac
841 689 1071 756 mansuescat,

53 823 59 834 κ
155 813 203 860 477
226 817 347 882 aspera
361 818 429 881 quo
444 797 548 882 magis
562 796 595 860 in
611 797 710 868 terris
725 797 922 860 haerescere
937 796 1083 881 possint.

269 909 369 990 Quod
385 911 541 996 quoniam
556 909 671 987 docui,
682 931 819 998 pergam
833 919 1011 975 conectere
1024 932 1094 975 rem
1110 932 1197 996 quae

228 1045 269 1088 ex
283 1024 350 1090 boc
365 1033 444 1112 apta
457 1025 556 1090 fidem
571 1024 689 1103 ducat,
699 1025 883 1112 primordia
897 1047 1006 1090 rerum

82 1124 91 1137 ⁰
156 1156 204 1204 400
225 1140 317 1205 finita
331 1141 460 1206 variare
473 1142 652 1227 figurarum
666 1141 812 1205 ratione.

228 1254 321 1340 quod
335 1255 364 1320 si
378 1277 446 1320 non
460 1257 507 1320 ita
521 1256 581 1332 sit,
592 1277 724 1320 rursum
737 1256 801 1319 iam
816 1254 942 1320 semina
956 1252 1120 1338 quaedam

229 1391 303 1434 esse
317 1369 445 1434 infinito
461 1370 631 1435 debebunt
647 1370 799 1456 eorporis
813 1378 930 1434 auctu.

158 1529 163 1542 .
227 1505 371 1570 namque
386 1484 501 1548 eadem
516 1485 613 1548 unius
629 1485 774 1549 cuiusvis
787 1484 822 1547 in
836 1483 1002 1548 brevitate

228 1598 380 1685 corporis
394 1599 482 1663 inter
496 1620 533 1662 se
548 1599 684 1663 multum
699 1599 829 1663 variare
843 1599 969 1685 figurae

156 1728 204 1776 485
226 1733 294 1776 non
308 1719 468 1797 possunt.
479 1712 534 1777 fac
549 1713 633 1777 enim
647 1713 787 1778 minimis
803 1734 821 1776 e
835 1713 987 1800 partibus
1002 1733 1077 1776 esse

229 1847 373 1912 corpora
387 1827 493 1912 prima
508 1828 631 1902 tribus,
643 1828 697 1892 vel
710 1827 812 1913 paulo
827 1829 978 1915 pluribus
993 1847 1094 1913 auge:

228 1943 419 2026 nempeubi
434 1964 491 2008 eas
504 1943 610 2030 partis
624 1943 724 2006 unius
739 1943 891 2028 corporis
907 1941 1030 2017 omnis,

229 2078 355 2120 summa
370 2065 470 2143 atque
484 2059 549 2122 ima
564 2060 696 2130 locans,
708 2064 935 2122 transmutans
950 2055 1091 2120 dextera
1105 2035 1222 2128 laevis,

229 2171 426 2237 omnimodis
442 2181 602 2260 expertus
618 2175 702 2248 eris,
713 2193 812 2258 quam
829 2171 972 2256 quisque
987 2170 1047 2235 det
1061 2169 1146 2236 ordo

156 2301 205 2348 400
226 2285 342 2351 formai
358 2289 502 2376 speciem
515 2290 621 2354 totius
637 2289 789 2376 corporis
804 2287 889 2358 eius,

229 2401 322 2486 quod
337 2424 439 2488 super
455 2410 523 2479 est,
535 2405 562 2467 si
577 2402 665 2467 forte
680 2402 774 2466 voles
789 2402 919 2465 variare
933 2401 1075 2484 figuras,

228 2513 420 2579 addendum
434 2517 540 2601 partis
555 2517 637 2580 alias
652 2517 730 2580 erit.
741 2513 820 2578 inde
835 2523 1011 2600 sequetur.
1040 2520 1045 2528 '

229 2627 369 2694 adsimili
384 2631 512 2694 ratione
527 2630 608 2694 alias
623 2639 662 2692 ut
674 2629 824 2714 postulet
838 2627 942 2702 ordo,

229 2745 257 2808 si
272 2751 309 2808 tu
322 2743 412 2808 forte
425 2744 521 2807 voles
536 2744 634 2807 ctiam
649 2743 778 2808 variare
792 2743 931 2828 fimrras.

158 2873 207 2920 405
229 2879 310 2945 ergo
325 2857 504 2923 formarum
520 2860 705 2924 novitatem
720 2857 874 2943 corporis
889 2877 1030 2944 augmen
1050 2949 1055 2954 Ι

230 2974 461 3060 subsequitur.
474 2995 578 3059 quare
592 2995 660 3038 non
676 2982 730 3039 est
742 2981 782 3038 ut
796 2971 935 3037 credere
948 2973 1061 3058 possis

231 3110 306 3154 csse
319 3089 454 3154 infinitis
470 3089 629 3155 distantia
643 3090 769 3154 semina
782 3088 912 3164 formis,

223 3215 272 3267 ne
287 3204 451 3289 quaedam
466 3227 568 3291 cogas
581 3206 703 3268 inmani
719 3203 922 3267 maximitate

230 3339 305 3382 esse
315 3368 322 3394 ‚
334 3339 437 3404 supra
453 3317 622 3403 quodiam
639 3317 738 3382 docui
754 3339 822 3380 non
837 3338 938 3400 posse
953 3317 1102 3402 probari.

159 3450 208 3496 500
230 3433 294 3496 iam
309 3433 368 3497 tibi
383 3433 578 3497 barbaricae
593 3439 705 3496 vestes
720 3431 954 3516 Meliboeaque
968 3431 1100 3518 fulgens

229 3569 381 3633 purpura
395 3546 591 3611 Thessalico
608 3545 809 3610 concharum
825 3554 915 3610 tacta
930 3546 1057 3620 colore,

230 3683 347 3738 aurea,
359 3683 526 3750 pavonum
541 3660 663 3725 ridenti
677 3661 802 3724 imitata
815 3661 930 3747 lepore

230 3779 357 3854 saecla,
368 3800 458 3842 novo
473 3799 583 3841 rerum
599 3784 757 3862 superata
772 3777 885 3841 colore
899 3778 1048 3841 iacerent

231 3901 266 3958 et
280 3900 491 3978 contemptus
506 3892 592 3956 odor
607 3913 761 3980 smyrnae
775 3892 948 3978 mellisque
963 3912 1119 3979 sapores,

233 4215 281 4261 403
301 4209 327 4261 in
346 4207 437 4260 codem
456 4223 509 4260 nnn
532 4207 541 4273 ll
564 4213 613 4259 480
632 4207 708 4278 paula
733 4207 743 4276 ΙΙ
766 4213 815 4260 489
833 4215 995 4261 transmutas
1014 4209 1024 4274 ll
1043 4212 1092 4258 489
1112 4205 1264 4259 Omnirnodi
1283 4206 1293 4275 ΙΙ
1313 4213 1365 4258 499

232 4292 365 4362 augimen.
385 4294 395 4366 ll
414 4297 462 4344 497
480 4290 578 4343 semina
597 4291 607 4360 ΙΙ
626 4297 675 4343 499
693 4292 820 4361 probare.
839 4291 849 4356 Η
875 4296 921 4341 904
942 4296 1013 4342 tecta
1032 4290 1041 4356 ll
1061 4295 1109 4342 502
1127 4287 1216 4342 rident
1233 4289 1332 4342 imbuta
1354 4293 1365 4358 ll

232 4381 280 4430 503
298 4393 368 4429 nova
396 4375 406 4444 ll
433 4381 481 4428 994
500 4373 568 4427 udor
