<?xml version="1.0" encoding="UTF-8"?>
<!DOCTYPE html PUBLIC "-//W3C//DTD XHTML 1.0 Transitional//EN"
    "http://www.w3.org/TR/xhtml1/DTD/xhtml1-transitional.dtd">
<html xmlns="http://www.w3.org/1999/xhtml" xml:lang="en" lang="en">
 <head>
  <title>
</title>
<meta http-equiv="Content-Type" content="text/html;charset=utf-8" />
  <meta name='ocr-system' content='tesseract 3.04.00' />
  <meta name='ocr-capabilities' content='ocr_page ocr_carea ocr_par ocr_line ocrx_word'/>
</head>
<body>
  <div class='ocr_page' id='page_1' title='image "./intlucretiicari00lachgoog_0151.png"; bbox 0 0 2970 5268; ppageno 0'>
   <div class='ocr_carea' id='block_1_1' title="bbox 282 447 872 526">
    <p class='ocr_par' dir='ltr' id='par_1_1' title="bbox 282 447 872 526">
     <span class='ocr_line' id='line_1_1' title="bbox 282 447 872 526; baseline 0.003 -2"><span class='ocrx_word' id='word_1_1' title='bbox 282 457 349 526; x_wconf 87' lang='grc'>146</span> <span class='ocrx_word' id='word_1_2' title='bbox 544 475 548 480; x_wconf 90' lang='grc'><em>·</em></span> <span class='ocrx_word' id='word_1_3' title='bbox 622 447 629 460; x_wconf 74' lang='grc'><strong><em>’</em></strong></span> <span class='ocrx_word' id='word_1_4' title='bbox 808 457 872 526; x_wconf 91' lang='grc' dir='ltr'>Π11</span> 
     </span>
    </p>
   </div>
   <div class='ocr_carea' id='block_1_2' title="bbox 159 629 1274 3127">
    <p class='ocr_par' dir='ltr' id='par_1_2' title="bbox 159 629 1242 948">
     <span class='ocr_line' id='line_1_2' title="bbox 159 629 1228 719; baseline 0.005 -23"><span class='ocrx_word' id='word_1_5' title='bbox 159 687 163 696; x_wconf 80' lang='grc'><strong>,</strong></span> <span class='ocrx_word' id='word_1_6' title='bbox 262 631 434 696; x_wconf 71' lang='lat' dir='ltr'>bracchia</span> <span class='ocrx_word' id='word_1_7' title='bbox 447 631 693 717; x_wconf 78' lang='lat' dir='ltr'>palpebraeque</span> <span class='ocrx_word' id='word_1_8' title='bbox 709 629 852 708; x_wconf 79' lang='lat' dir='ltr'>cadunt,</span> <span class='ocrx_word' id='word_1_9' title='bbox 863 633 1076 719; x_wconf 79' lang='lat' dir='ltr'>poplitesque</span> <span class='ocrx_word' id='word_1_10' title='bbox 1092 635 1228 700; x_wconf 75' lang='lat' dir='ltr'>cubanti</span> 
     </span>
     <span class='ocr_line' id='line_1_3' title="bbox 276 746 1135 832; baseline 0.001 -21"><span class='ocrx_word' id='word_1_11' title='bbox 276 767 377 832; x_wconf 82' lang='lat' dir='ltr'>saepe</span> <span class='ocrx_word' id='word_1_12' title='bbox 392 755 502 810; x_wconf 85' lang='lat' dir='ltr'>tamen</span> <span class='ocrx_word' id='word_1_13' title='bbox 517 746 765 811; x_wconf 77' lang='lat' dir='ltr'>summittuntur</span> <span class='ocrx_word' id='word_1_14' title='bbox 780 747 927 832; x_wconf 85' lang='lat' dir='ltr'>virisque</span> <span class='ocrx_word' id='word_1_15' title='bbox 941 747 1135 814; x_wconf 85' lang='lat' dir='ltr'>resolvunt.</span> 
     </span>
     <span class='ocr_line' id='line_1_4' title="bbox 277 860 1242 948; baseline 0.005 -24"><span class='ocrx_word' id='word_1_16' title='bbox 277 860 399 926; x_wconf 93' lang='lat' dir='ltr'>deinde</span> <span class='ocrx_word' id='word_1_17' title='bbox 415 862 523 926; x_wconf 90' lang='lat' dir='ltr'>cibum</span> <span class='ocrx_word' id='word_1_18' title='bbox 538 861 689 946; x_wconf 84' lang='lat' dir='ltr'>sequitur</span> <span class='ocrx_word' id='word_1_19' title='bbox 704 883 856 938; x_wconf 80' lang='lat' dir='ltr'>somnus,</span> <span class='ocrx_word' id='word_1_20' title='bbox 869 862 964 948; x_wconf 82' lang='lat' dir='ltr'>quia,</span> <span class='ocrx_word' id='word_1_21' title='bbox 976 883 1061 947; x_wconf 80' lang='lat' dir='ltr'>quae</span> <span class='ocrx_word' id='word_1_22' title='bbox 1074 862 1156 928; x_wconf 79' lang='lat' dir='ltr'>fecit</span> <span class='ocrx_word' id='word_1_23' title='bbox 1170 871 1242 945; x_wconf 75' lang='lat' dir='ltr'>adr,</span> 
     </span>
    </p>

    <p class='ocr_par' dir='ltr' id='par_1_3' title="bbox 203 975 1274 1519">
     <span class='ocr_line' id='line_1_5' title="bbox 203 975 1148 1066; baseline 0.006 -29"><span class='ocrx_word' id='word_1_24' title='bbox 203 991 251 1038; x_wconf 80' lang='grc'>555</span> <span class='ocrx_word' id='word_1_25' title='bbox 274 975 359 1066; x_wconf 87' lang='lat' dir='ltr'>h&#39;aec</span> <span class='ocrx_word' id='word_1_26' title='bbox 373 975 489 1040; x_wconf 87' lang='lat' dir='ltr'>eedem</span> <span class='ocrx_word' id='word_1_27' title='bbox 505 976 660 1051; x_wconf 87' lang='lat' dir='ltr'>oibus‚in</span> <span class='ocrx_word' id='word_1_28' title='bbox 674 997 777 1042; x_wconf 84' lang='lat' dir='ltr'>venes</span> <span class='ocrx_word' id='word_1_29' title='bbox 793 977 871 1041; x_wconf 92' lang='lat' dir='ltr'>dum</span> <span class='ocrx_word' id='word_1_30' title='bbox 886 975 1012 1040; x_wconf 82' lang='lat' dir='ltr'>diditur</span> <span class='ocrx_word' id='word_1_31' title='bbox 1026 979 1148 1054; x_wconf 90' lang='lat' dir='ltr'>omnis,</span> 
     </span>
     <span class='ocr_line' id='line_1_6' title="bbox 275 1090 1114 1177; baseline 0.004 -23"><span class='ocrx_word' id='word_1_32' title='bbox 275 1090 377 1156; x_wconf 82' lang='lat' dir='ltr'>efficit</span> <span class='ocrx_word' id='word_1_33' title='bbox 387 1138 394 1153; x_wconf 90' lang='lat'><strong>.</strong></span> <span class='ocrx_word' id='word_1_34' title='bbox 406 1099 440 1155; x_wconf 88' lang='grc'>55</span> <span class='ocrx_word' id='word_1_35' title='bbox 454 1091 558 1154; x_wconf 78' lang='lat' dir='ltr'>multo</span> <span class='ocrx_word' id='word_1_36' title='bbox 573 1112 677 1177; x_wconf 90' lang='lat' dir='ltr'>sopor</span> <span class='ocrx_word' id='word_1_37' title='bbox 691 1091 744 1156; x_wconf 89' lang='lat' dir='ltr'>ille</span> <span class='ocrx_word' id='word_1_38' title='bbox 759 1092 973 1177; x_wconf 83' lang='lat' dir='ltr'>gravissimus</span> <span class='ocrx_word' id='word_1_39' title='bbox 988 1100 1114 1168; x_wconf 78' lang='lat' dir='ltr'>exstet,</span> 
     </span>
     <span class='ocr_line' id='line_1_7' title="bbox 274 1205 1274 1293; baseline 0.002 -24"><span class='ocrx_word' id='word_1_40' title='bbox 274 1227 373 1291; x_wconf 90' lang='lat' dir='ltr'>quem</span> <span class='ocrx_word' id='word_1_41' title='bbox 388 1214 481 1270; x_wconf 77' lang='lat' dir='ltr'>satur</span> <span class='ocrx_word' id='word_1_42' title='bbox 495 1214 553 1269; x_wconf 79' lang='lat' dir='ltr'>eut</span> <span class='ocrx_word' id='word_1_43' title='bbox 566 1205 676 1270; x_wconf 84' lang='lat' dir='ltr'>lassus</span> <span class='ocrx_word' id='word_1_44' title='bbox 691 1206 820 1290; x_wconf 83' lang='lat' dir='ltr'>capias,</span> <span class='ocrx_word' id='word_1_45' title='bbox 833 1207 912 1290; x_wconf 81' lang='lat' dir='ltr'>quie</span> <span class='ocrx_word' id='word_1_46' title='bbox 924 1206 1066 1293; x_wconf 81' lang='lat' dir='ltr'>plurima</span> <span class='ocrx_word' id='word_1_47' title='bbox 1079 1217 1147 1272; x_wconf 81' lang='lat' dir='ltr'>turn</span> <span class='ocrx_word' id='word_1_48' title='bbox 1164 1229 1200 1271; x_wconf 87' lang='lat' dir='ltr'>se</span> <span class='ocrx_word' id='word_1_49' title='bbox 1270 1278 1274 1285; x_wconf 24' lang='lat'><strong>¹</strong></span> 
     </span>
     <span class='ocr_line' id='line_1_8' title="bbox 274 1319 1072 1407; baseline 0 -22"><span class='ocrx_word' id='word_1_50' title='bbox 274 1341 418 1407; x_wconf 84' lang='lat' dir='ltr'>corpora</span> <span class='ocrx_word' id='word_1_51' title='bbox 432 1319 636 1384; x_wconf 76' lang='lat' dir='ltr'>conturbant</span> <span class='ocrx_word' id='word_1_52' title='bbox 648 1340 769 1406; x_wconf 80' lang='lat' dir='ltr'>magno</span> <span class='ocrx_word' id='word_1_53' title='bbox 785 1328 928 1384; x_wconf 79' lang='lat' dir='ltr'>contusa</span> <span class='ocrx_word' id='word_1_54' title='bbox 941 1321 1072 1385; x_wconf 82' lang='lat' dir='ltr'>labore.</span> 
     </span>
     <span class='ocr_line' id='line_1_9' title="bbox 271 1433 1040 1519; baseline 0.003 -21"><span class='ocrx_word' id='word_1_55' title='bbox 271 1436 310 1499; x_wconf 79' lang='lat' dir='ltr'>fit</span> <span class='ocrx_word' id='word_1_56' title='bbox 322 1435 453 1500; x_wconf 84' lang='lat' dir='ltr'>ratione</span> <span class='ocrx_word' id='word_1_57' title='bbox 469 1433 586 1498; x_wconf 83' lang='lat' dir='ltr'>eedem</span> <span class='ocrx_word' id='word_1_58' title='bbox 599 1435 772 1498; x_wconf 82' lang='lat' dir='ltr'>coniectus</span> <span class='ocrx_word' id='word_1_59' title='bbox 786 1435 906 1519; x_wconf 72' lang='lat' dir='ltr'>partim</span> <span class='ocrx_word' id='word_1_60' title='bbox 921 1435 1040 1500; x_wconf 77' lang='lat' dir='ltr'>animai</span> 
     </span>
    </p>

    <p class='ocr_par' dir='ltr' id='par_1_4' title="bbox 199 1549 984 1634">
     <span class='ocr_line' id='line_1_10' title="bbox 199 1549 984 1634; baseline 0.005 -24"><span class='ocrx_word' id='word_1_61' title='bbox 199 1565 250 1613; x_wconf 86' lang='lat' dir='ltr'>sco</span> <span class='ocrx_word' id='word_1_62' title='bbox 272 1550 387 1624; x_wconf 82' lang='lat' dir='ltr'>altior,</span> <span class='ocrx_word' id='word_1_63' title='bbox 398 1558 500 1634; x_wconf 82' lang='lat' dir='ltr'>etque</span> <span class='ocrx_word' id='word_1_64' title='bbox 514 1549 605 1613; x_wconf 87' lang='lat' dir='ltr'>foras</span> <span class='ocrx_word' id='word_1_65' title='bbox 620 1550 745 1614; x_wconf 81' lang='lat' dir='ltr'>ciectus</span> <span class='ocrx_word' id='word_1_66' title='bbox 759 1549 883 1634; x_wconf 77' lang='lat' dir='ltr'>largior</span> <span class='ocrx_word' id='word_1_67' title='bbox 898 1550 984 1626; x_wconf 89' lang='lat' dir='ltr'>eius,</span> 
     </span>
    </p>

    <p class='ocr_par' dir='ltr' id='par_1_5' title="bbox 272 1663 998 1729">
     <span class='ocr_line' id='line_1_11' title="bbox 272 1663 998 1729; baseline -0.003 -1"><span class='ocrx_word' id='word_1_68' title='bbox 272 1671 307 1729; x_wconf 91' lang='grc'>55</span> <span class='ocrx_word' id='word_1_69' title='bbox 320 1663 457 1728; x_wconf 84' lang='lat' dir='ltr'>divisior</span> <span class='ocrx_word' id='word_1_70' title='bbox 471 1664 558 1727; x_wconf 81' lang='lat' dir='ltr'>inter</span> <span class='ocrx_word' id='word_1_71' title='bbox 572 1684 610 1726; x_wconf 89' lang='lat' dir='ltr'>se</span> <span class='ocrx_word' id='word_1_72' title='bbox 624 1685 664 1727; x_wconf 84' lang='lat' dir='ltr'>ac</span> <span class='ocrx_word' id='word_1_73' title='bbox 680 1663 872 1728; x_wconf 81' lang='lat' dir='ltr'>distractior</span> <span class='ocrx_word' id='word_1_74' title='bbox 886 1671 998 1728; x_wconf 81' lang='lat' dir='ltr'>actus.</span> 
     </span>
    </p>

    <p class='ocr_par' dir='ltr' id='par_1_6' title="bbox 269 1777 1188 2093">
     <span class='ocr_line' id='line_1_12' title="bbox 310 1777 1188 1864; baseline 0.002 -22"><span class='ocrx_word' id='word_1_75' title='bbox 310 1778 356 1843; x_wconf 81' lang='lat' dir='ltr'>Et</span> <span class='ocrx_word' id='word_1_76' title='bbox 370 1800 437 1864; x_wconf 94' lang='lat' dir='ltr'>quo</span> <span class='ocrx_word' id='word_1_77' title='bbox 454 1779 595 1863; x_wconf 89' lang='lat' dir='ltr'>quisque</span> <span class='ocrx_word' id='word_1_78' title='bbox 608 1778 680 1842; x_wconf 85' lang='lat' dir='ltr'>fere</span> <span class='ocrx_word' id='word_1_79' title='bbox 694 1777 807 1842; x_wconf 74' lang='lat' dir='ltr'>studio</span> <span class='ocrx_word' id='word_1_80' title='bbox 823 1777 999 1844; x_wconf 81' lang='lat' dir='ltr'>devinctus</span> <span class='ocrx_word' id='word_1_81' title='bbox 1013 1779 1188 1854; x_wconf 78' lang='lat' dir='ltr'>adhaeret,</span> 
     </span>
     <span class='ocr_line' id='line_1_13' title="bbox 270 1892 1133 1978; baseline 0.003 -21"><span class='ocrx_word' id='word_1_82' title='bbox 270 1901 328 1958; x_wconf 84' lang='lat' dir='ltr'>aut</span> <span class='ocrx_word' id='word_1_83' title='bbox 343 1894 463 1978; x_wconf 89' lang='lat' dir='ltr'>quibus</span> <span class='ocrx_word' id='word_1_84' title='bbox 477 1894 510 1956; x_wconf 94' lang='lat' dir='ltr'>in</span> <span class='ocrx_word' id='word_1_85' title='bbox 525 1892 627 1956; x_wconf 88' lang='lat' dir='ltr'>rebus</span> <span class='ocrx_word' id='word_1_86' title='bbox 642 1893 778 1957; x_wconf 83' lang='lat' dir='ltr'>multum</span> <span class='ocrx_word' id='word_1_87' title='bbox 794 1914 906 1957; x_wconf 87' lang='lat' dir='ltr'>sumus</span> <span class='ocrx_word' id='word_1_88' title='bbox 922 1901 1000 1958; x_wconf 83' lang='lat' dir='ltr'>ante</span> <span class='ocrx_word' id='word_1_89' title='bbox 1014 1897 1133 1968; x_wconf 77' lang='lat' dir='ltr'>moreti</span> 
     </span>
     <span class='ocr_line' id='line_1_14' title="bbox 269 2007 1113 2093; baseline 0.001 -21"><span class='ocrx_word' id='word_1_90' title='bbox 269 2015 371 2093; x_wconf 82' lang='lat' dir='ltr'>etque</span> <span class='ocrx_word' id='word_1_91' title='bbox 385 2009 418 2071; x_wconf 92' lang='lat' dir='ltr'>in</span> <span class='ocrx_word' id='word_1_92' title='bbox 434 2029 474 2071; x_wconf 84' lang='lat' dir='ltr'>ea</span> <span class='ocrx_word' id='word_1_93' title='bbox 488 2008 619 2072; x_wconf 71' lang='lat' dir='ltr'>radone</span> <span class='ocrx_word' id='word_1_94' title='bbox 633 2007 696 2071; x_wconf 82' lang='lat' dir='ltr'>fuit</span> <span class='ocrx_word' id='word_1_95' title='bbox 710 2014 870 2073; x_wconf 79' lang='lat' dir='ltr'>contenta</span> <span class='ocrx_word' id='word_1_96' title='bbox 883 2008 988 2092; x_wconf 82' lang='lat' dir='ltr'>magis</span> <span class='ocrx_word' id='word_1_97' title='bbox 1002 2031 1113 2083; x_wconf 88' lang='lat' dir='ltr'>mens,</span> 
     </span>
    </p>

    <p class='ocr_par' dir='ltr' id='par_1_7' title="bbox 195 2120 1166 2666">
     <span class='ocr_line' id='line_1_15' title="bbox 195 2120 1068 2209; baseline 0.002 -25"><span class='ocrx_word' id='word_1_98' title='bbox 195 2139 244 2186; x_wconf 82' lang='grc'>955</span> <span class='ocrx_word' id='word_1_99' title='bbox 266 2122 300 2186; x_wconf 93' lang='lat' dir='ltr'>in</span> <span class='ocrx_word' id='word_1_100' title='bbox 315 2123 438 2186; x_wconf 86' lang='lat' dir='ltr'>somnis</span> <span class='ocrx_word' id='word_1_101' title='bbox 454 2120 569 2186; x_wconf 88' lang='lat' dir='ltr'>cedem</span> <span class='ocrx_word' id='word_1_102' title='bbox 583 2121 778 2209; x_wconf 89' lang='lat' dir='ltr'>plerumque</span> <span class='ocrx_word' id='word_1_103' title='bbox 792 2120 943 2186; x_wconf 87' lang='lat' dir='ltr'>videmur</span> <span class='ocrx_word' id='word_1_104' title='bbox 958 2122 1068 2200; x_wconf 81' lang='lat' dir='ltr'>obire3</span> 
     </span>
     <span class='ocr_line' id='line_1_16' title="bbox 268 2236 1062 2323; baseline 0 -21"><span class='ocrx_word' id='word_1_105' title='bbox 268 2236 426 2302; x_wconf 78' lang='lat' dir='ltr'>causidici</span> <span class='ocrx_word' id='word_1_106' title='bbox 441 2254 560 2302; x_wconf 84' lang='lat' dir='ltr'>causes</span> <span class='ocrx_word' id='word_1_107' title='bbox 574 2257 674 2322; x_wconf 83' lang='lat' dir='ltr'>agere</span> <span class='ocrx_word' id='word_1_108' title='bbox 691 2245 725 2302; x_wconf 84' lang='grc'>55</span> <span class='ocrx_word' id='word_1_109' title='bbox 739 2259 940 2323; x_wconf 88' lang='lat' dir='ltr'>componere</span> <span class='ocrx_word' id='word_1_110' title='bbox 954 2237 1062 2322; x_wconf 84' lang='lat' dir='ltr'>leges,</span> 
     </span>
     <span class='ocr_line' id='line_1_17' title="bbox 266 2352 1005 2440; baseline -0.004 -23"><span class='ocrx_word' id='word_1_111' title='bbox 266 2353 522 2440; x_wconf 83' lang='lat' dir='ltr'>induperatores</span> <span class='ocrx_word' id='word_1_112' title='bbox 538 2373 686 2438; x_wconf 84' lang='lat' dir='ltr'>pugnare</span> <span class='ocrx_word' id='word_1_113' title='bbox 701 2372 741 2415; x_wconf 86' lang='grc'>55</span> <span class='ocrx_word' id='word_1_114' title='bbox 756 2352 883 2438; x_wconf 83' lang='lat' dir='ltr'>proelia</span> <span class='ocrx_word' id='word_1_115' title='bbox 896 2352 1005 2427; x_wconf 87' lang='lat' dir='ltr'>obire,</span> 
     </span>
     <span class='ocr_line' id='line_1_18' title="bbox 266 2465 1113 2552; baseline 0 -20"><span class='ocrx_word' id='word_1_116' title='bbox 266 2477 387 2532; x_wconf 78' lang='lat' dir='ltr'>nautae</span> <span class='ocrx_word' id='word_1_117' title='bbox 403 2475 610 2531; x_wconf 77' lang='lat' dir='ltr'>contractum</span> <span class='ocrx_word' id='word_1_118' title='bbox 625 2487 700 2530; x_wconf 88' lang='lat' dir='ltr'>cum</span> <span class='ocrx_word' id='word_1_119' title='bbox 715 2467 822 2530; x_wconf 85' lang='lat' dir='ltr'>ventis</span> <span class='ocrx_word' id='word_1_120' title='bbox 838 2465 961 2552; x_wconf 85' lang='lat' dir='ltr'>degere</span> <span class='ocrx_word' id='word_1_121' title='bbox 976 2467 1113 2544; x_wconf 91' lang='lat' dir='ltr'>bellum,</span> 
     </span>
     <span class='ocr_line' id='line_1_19' title="bbox 265 2579 1166 2666; baseline 0.004 -22"><span class='ocrx_word' id='word_1_122' title='bbox 265 2603 330 2644; x_wconf 89' lang='lat' dir='ltr'>nos</span> <span class='ocrx_word' id='word_1_123' title='bbox 344 2601 443 2666; x_wconf 85' lang='lat' dir='ltr'>agere</span> <span class='ocrx_word' id='word_1_124' title='bbox 458 2579 524 2644; x_wconf 89' lang='lat' dir='ltr'>hoc</span> <span class='ocrx_word' id='word_1_125' title='bbox 539 2589 649 2644; x_wconf 81' lang='lat' dir='ltr'>sutem</span> <span class='ocrx_word' id='word_1_126' title='bbox 665 2589 698 2646; x_wconf 85' lang='lat' dir='ltr'>et</span> <span class='ocrx_word' id='word_1_127' title='bbox 712 2588 864 2646; x_wconf 72' lang='lat' dir='ltr'>naturam</span> <span class='ocrx_word' id='word_1_128' title='bbox 881 2603 1042 2665; x_wconf 84' lang='lat' dir='ltr'>quaerere</span> <span class='ocrx_word' id='word_1_129' title='bbox 1056 2605 1166 2648; x_wconf 88' lang='lat' dir='ltr'>rerum</span> 
     </span>
    </p>

    <p class='ocr_par' dir='ltr' id='par_1_8' title="bbox 193 2695 1162 2897">
     <span class='ocr_line' id='line_1_20' title="bbox 193 2695 1100 2781; baseline 0.004 -23"><span class='ocrx_word' id='word_1_130' title='bbox 193 2713 243 2760; x_wconf 79' lang='lat' dir='ltr'>oro</span> <span class='ocrx_word' id='word_1_131' title='bbox 265 2716 397 2781; x_wconf 86' lang='lat' dir='ltr'>semper</span> <span class='ocrx_word' id='word_1_132' title='bbox 412 2703 445 2760; x_wconf 89' lang='grc'>55</span> <span class='ocrx_word' id='word_1_133' title='bbox 458 2695 626 2759; x_wconf 79' lang='lat' dir='ltr'>inventam</span> <span class='ocrx_word' id='word_1_134' title='bbox 641 2695 759 2780; x_wconf 80' lang='lat' dir='ltr'>patriis</span> <span class='ocrx_word' id='word_1_135' title='bbox 775 2716 945 2781; x_wconf 86' lang='lat' dir='ltr'>exponere</span> <span class='ocrx_word' id='word_1_136' title='bbox 961 2696 1100 2762; x_wconf 82' lang='lat' dir='ltr'>chartis.</span> 
     </span>
     <span class='ocr_line' id='line_1_21' title="bbox 264 2809 1162 2897; baseline 0.002 -22"><span class='ocrx_word' id='word_1_137' title='bbox 264 2817 376 2875; x_wconf 78' lang='grc'>555555</span> <span class='ocrx_word' id='word_1_138' title='bbox 390 2809 438 2873; x_wconf 86' lang='lat' dir='ltr'>sic</span> <span class='ocrx_word' id='word_1_139' title='bbox 453 2809 564 2873; x_wconf 81' lang='lat' dir='ltr'>studia</span> <span class='ocrx_word' id='word_1_140' title='bbox 578 2819 679 2895; x_wconf 79' lang='lat' dir='ltr'>atquc</span> <span class='ocrx_word' id='word_1_141' title='bbox 693 2818 783 2874; x_wconf 81' lang='lat' dir='ltr'>artes</span> <span class='ocrx_word' id='word_1_142' title='bbox 798 2810 993 2897; x_wconf 86' lang='lat' dir='ltr'>plerumque</span> <span class='ocrx_word' id='word_1_143' title='bbox 1007 2810 1162 2877; x_wconf 89' lang='lat' dir='ltr'>videntur</span> 
     </span>
    </p>

    <p class='ocr_par' dir='ltr' id='par_1_9' title="bbox 262 2925 1078 3127">
     <span class='ocr_line' id='line_1_22' title="bbox 262 2925 1078 2990; baseline 0.001 -1"><span class='ocrx_word' id='word_1_144' title='bbox 262 2926 296 2989; x_wconf 94' lang='lat' dir='ltr'>in</span> <span class='ocrx_word' id='word_1_145' title='bbox 311 2925 436 2989; x_wconf 89' lang='lat' dir='ltr'>somnis</span> <span class='ocrx_word' id='word_1_146' title='bbox 451 2927 577 2990; x_wconf 82' lang='lat' dir='ltr'>animos</span> <span class='ocrx_word' id='word_1_147' title='bbox 591 2925 761 2989; x_wconf 85' lang='lat' dir='ltr'>hominum</span> <span class='ocrx_word' id='word_1_148' title='bbox 774 2925 935 2990; x_wconf 81' lang='lat' dir='ltr'>frustrate</span> <span class='ocrx_word' id='word_1_149' title='bbox 947 2934 1078 2990; x_wconf 85' lang='lat' dir='ltr'>tenere.</span> 
     </span>
     <span class='ocr_line' id='line_1_23' title="bbox 263 3039 1042 3127; baseline 0 -23"><span class='ocrx_word' id='word_1_150' title='bbox 263 3049 297 3106; x_wconf 88' lang='grc'>55</span> <span class='ocrx_word' id='word_1_151' title='bbox 311 3043 369 3127; x_wconf 89' lang='lat' dir='ltr'>qui</span> <span class='ocrx_word' id='word_1_152' title='bbox 383 3063 524 3126; x_wconf 89' lang='lat' dir='ltr'>cumque</span> <span class='ocrx_word' id='word_1_153' title='bbox 540 3041 611 3106; x_wconf 88' lang='lat' dir='ltr'>dies</span> <span class='ocrx_word' id='word_1_154' title='bbox 625 3041 748 3106; x_wconf 80' lang='lat' dir='ltr'>multos</span> <span class='ocrx_word' id='word_1_155' title='bbox 766 3062 808 3104; x_wconf 87' lang='lat' dir='ltr'>ex</span> <span class='ocrx_word' id='word_1_156' title='bbox 823 3039 941 3104; x_wconf 90' lang='lat' dir='ltr'>ordine</span> <span class='ocrx_word' id='word_1_157' title='bbox 955 3040 1042 3104; x_wconf 90' lang='lat' dir='ltr'>ludis</span> 
     </span>
    </p>
   </div>
   <div class='ocr_carea' id='block_1_3' title="bbox 187 3155 1145 3467">
    <p class='ocr_par' dir='ltr' id='par_1_10' title="bbox 187 3155 1145 3467">
     <span class='ocr_line' id='line_1_24' title="bbox 261 3155 1145 3242; baseline 0.001 -22"><span class='ocrx_word' id='word_1_158' title='bbox 261 3155 420 3222; x_wconf 80' lang='lat' dir='ltr'>adsiduas</span> <span class='ocrx_word' id='word_1_159' title='bbox 437 3156 604 3220; x_wconf 80' lang='lat' dir='ltr'>dederunt</span> <span class='ocrx_word' id='word_1_160' title='bbox 619 3177 739 3242; x_wconf 85' lang='lat' dir='ltr'>operes</span> <span class='ocrx_word' id='word_1_161' title='bbox 749 3205 756 3229; x_wconf 87' lang='lat'>,</span> <span class='ocrx_word' id='word_1_162' title='bbox 768 3157 963 3241; x_wconf 88' lang='lat' dir='ltr'>plerumque</span> <span class='ocrx_word' id='word_1_163' title='bbox 978 3155 1145 3232; x_wconf 85' lang='lat' dir='ltr'>videmus,</span> 
     </span>
     <span class='ocr_line' id='line_1_25' title="bbox 187 3250 1040 3355; baseline 0 -23"><span class='ocrx_word' id='word_1_164' title='bbox 187 3287 236 3333; x_wconf 80' lang='lat'>975</span> <span class='ocrx_word' id='word_1_165' title='bbox 260 3293 333 3334; x_wconf 91' lang='lat' dir='ltr'>cum</span> <span class='ocrx_word' id='word_1_166' title='bbox 346 3273 411 3336; x_wconf 84' lang='lat' dir='ltr'>iam</span> <span class='ocrx_word' id='word_1_167' title='bbox 426 3271 627 3336; x_wconf 76' lang='lat' dir='ltr'>destiocrunt</span> <span class='ocrx_word' id='word_1_168' title='bbox 641 3293 682 3334; x_wconf 86' lang='grc'>55</span> <span class='ocrx_word' id='word_1_169' title='bbox 695 3273 848 3335; x_wconf 88' lang='lat' dir='ltr'>sensibus</span> <span class='ocrx_word' id='word_1_170' title='bbox 863 3250 1040 3355; x_wconf 69' lang='lat' dir='ltr'>usurpem,</span> 
     </span>
     <span class='ocr_line' id='line_1_26' title="bbox 260 3384 1047 3467; baseline -0.003 -19"><span class='ocrx_word' id='word_1_171' title='bbox 260 3385 401 3449; x_wconf 84' lang='lat' dir='ltr'>relicuas</span> <span class='ocrx_word' id='word_1_172' title='bbox 415 3394 526 3449; x_wconf 80' lang='lat' dir='ltr'>tamen</span> <span class='ocrx_word' id='word_1_173' title='bbox 542 3405 615 3448; x_wconf 86' lang='lat' dir='ltr'>csse</span> <span class='ocrx_word' id='word_1_174' title='bbox 630 3385 702 3448; x_wconf 84' lang='lat' dir='ltr'>vias</span> <span class='ocrx_word' id='word_1_175' title='bbox 716 3384 749 3446; x_wconf 90' lang='lat' dir='ltr'>in</span> <span class='ocrx_word' id='word_1_176' title='bbox 764 3393 872 3447; x_wconf 75' lang='lat' dir='ltr'>mente</span> <span class='ocrx_word' id='word_1_177' title='bbox 888 3385 1047 3467; x_wconf 75' lang='lat' dir='ltr'>potentie,</span> 
     </span>
    </p>
   </div>
   <div class='ocr_carea' id='block_1_4' title="bbox 184 3497 1188 4271">
    <p class='ocr_par' dir='ltr' id='par_1_11' title="bbox 258 3497 1110 3812">
     <span class='ocr_line' id='line_1_27' title="bbox 261 3497 1063 3584; baseline -0.002 -22"><span class='ocrx_word' id='word_1_178' title='bbox 261 3520 328 3584; x_wconf 87' lang='lat' dir='ltr'>qua</span> <span class='ocrx_word' id='word_1_179' title='bbox 341 3501 474 3584; x_wconf 80' lang='lat' dir='ltr'>possint</span> <span class='ocrx_word' id='word_1_180' title='bbox 489 3497 604 3561; x_wconf 84' lang='lat' dir='ltr'>cadem</span> <span class='ocrx_word' id='word_1_181' title='bbox 619 3519 729 3561; x_wconf 87' lang='lat' dir='ltr'>rerum</span> <span class='ocrx_word' id='word_1_182' title='bbox 745 3497 920 3561; x_wconf 84' lang='lat' dir='ltr'>simulacre</span> <span class='ocrx_word' id='word_1_183' title='bbox 933 3498 1063 3562; x_wconf 87' lang='lat' dir='ltr'>venire:</span> 
     </span>
     <span class='ocr_line' id='line_1_28' title="bbox 258 3611 1110 3700; baseline 0.002 -24"><span class='ocrx_word' id='word_1_184' title='bbox 258 3613 455 3700; x_wconf 75' lang='lat' dir='ltr'>permultos</span> <span class='ocrx_word' id='word_1_185' title='bbox 470 3613 583 3697; x_wconf 82' lang='lat' dir='ltr'>itaque</span> <span class='ocrx_word' id='word_1_186' title='bbox 597 3611 653 3675; x_wconf 86' lang='lat' dir='ltr'>ille</span> <span class='ocrx_word' id='word_1_187' title='bbox 669 3611 739 3675; x_wconf 88' lang='lat' dir='ltr'>dies</span> <span class='ocrx_word' id='word_1_188' title='bbox 756 3611 872 3676; x_wconf 85' lang='lat' dir='ltr'>eedem</span> <span class='ocrx_word' id='word_1_189' title='bbox 886 3613 1110 3686; x_wconf 78' lang='lat' dir='ltr'>obversantur</span> 
     </span>
     <span class='ocr_line' id='line_1_29' title="bbox 258 3726 1030 3812; baseline 0.005 -24"><span class='ocrx_word' id='word_1_190' title='bbox 258 3733 335 3790; x_wconf 76' lang='lat' dir='ltr'>anic</span> <span class='ocrx_word' id='word_1_191' title='bbox 351 3726 468 3791; x_wconf 89' lang='lat' dir='ltr'>oculos</span> <span class='ocrx_word' id='word_1_192' title='bbox 479 3775 486 3801; x_wconf 90' lang='lat'>‚</span> <span class='ocrx_word' id='word_1_193' title='bbox 499 3726 596 3790; x_wconf 77' lang='lat' dir='ltr'>ctiam</span> <span class='ocrx_word' id='word_1_194' title='bbox 612 3727 787 3812; x_wconf 80' lang='lat' dir='ltr'>vigilantes</span> <span class='ocrx_word' id='word_1_195' title='bbox 803 3737 840 3792; x_wconf 87' lang='lat' dir='ltr'>ut</span> <span class='ocrx_word' id='word_1_196' title='bbox 854 3727 1030 3792; x_wconf 80' lang='lat' dir='ltr'>videantur</span> 
     </span>
    </p>

    <p class='ocr_par' dir='ltr' id='par_1_12' title="bbox 184 3840 1188 4271">
     <span class='ocr_line' id='line_1_30' title="bbox 184 3840 1089 3919; baseline 0.007 -18"><span class='ocrx_word' id='word_1_197' title='bbox 184 3855 234 3902; x_wconf 83' lang='lat' dir='ltr'>sec</span> <span class='ocrx_word' id='word_1_198' title='bbox 257 3860 393 3906; x_wconf 88' lang='lat' dir='ltr'>cernere</span> <span class='ocrx_word' id='word_1_199' title='bbox 408 3840 559 3906; x_wconf 80' lang='lat' dir='ltr'>saltantis</span> <span class='ocrx_word' id='word_1_200' title='bbox 575 3851 609 3906; x_wconf 89' lang='grc'>55</span> <span class='ocrx_word' id='word_1_201' title='bbox 623 3841 734 3906; x_wconf 83' lang='lat' dir='ltr'>mollia</span> <span class='ocrx_word' id='word_1_202' title='bbox 748 3844 895 3908; x_wconf 84' lang='lat' dir='ltr'>membre</span> <span class='ocrx_word' id='word_1_203' title='bbox 908 3845 1089 3919; x_wconf 71' lang='lat' dir='ltr'>movendo,</span> 
     </span>
     <span class='ocr_line' id='line_1_31' title="bbox 257 3955 1188 4043; baseline 0.006 -27"><span class='ocrx_word' id='word_1_204' title='bbox 257 3961 291 4018; x_wconf 88' lang='grc'>55</span> <span class='ocrx_word' id='word_1_205' title='bbox 305 3956 454 4019; x_wconf 78' lang='lat' dir='ltr'>citharae</span> <span class='ocrx_word' id='word_1_206' title='bbox 468 3955 629 4039; x_wconf 92' lang='lat' dir='ltr'>liquidum</span> <span class='ocrx_word' id='word_1_207' title='bbox 644 3978 777 4021; x_wconf 83' lang='lat' dir='ltr'>carmon</span> <span class='ocrx_word' id='word_1_208' title='bbox 793 3957 1006 4042; x_wconf 87' lang='lat' dir='ltr'>chordasque</span> <span class='ocrx_word' id='word_1_209' title='bbox 1021 3959 1188 4043; x_wconf 82' lang='lat' dir='ltr'>loquentis</span> 
     </span>
     <span class='ocr_line' id='line_1_32' title="bbox 256 4069 1137 4156; baseline 0.008 -26"><span class='ocrx_word' id='word_1_210' title='bbox 256 4069 392 4134; x_wconf 82' lang='lat' dir='ltr'>auribus</span> <span class='ocrx_word' id='word_1_211' title='bbox 407 4071 559 4156; x_wconf 86' lang='lat' dir='ltr'>accipere</span> <span class='ocrx_word' id='word_1_212' title='bbox 569 4117 576 4142; x_wconf 90' lang='lat'>‚</span> <span class='ocrx_word' id='word_1_213' title='bbox 588 4079 622 4132; x_wconf 88' lang='grc'>55</span> <span class='ocrx_word' id='word_1_214' title='bbox 636 4091 830 4138; x_wconf 86' lang='lat' dir='ltr'>consessum</span> <span class='ocrx_word' id='word_1_215' title='bbox 846 4093 981 4136; x_wconf 85' lang='lat' dir='ltr'>cernere</span> <span class='ocrx_word' id='word_1_216' title='bbox 998 4072 1137 4137; x_wconf 88' lang='lat' dir='ltr'>eundem</span> 
     </span>
     <span class='ocr_line' id='line_1_33' title="bbox 255 4182 1035 4271; baseline 0.009 -27"><span class='ocrx_word' id='word_1_217' title='bbox 255 4186 434 4270; x_wconf 81' lang='lat' dir='ltr'>scenaique</span> <span class='ocrx_word' id='word_1_218' title='bbox 448 4182 544 4249; x_wconf 90' lang='lat' dir='ltr'>simul</span> <span class='ocrx_word' id='word_1_219' title='bbox 558 4183 669 4246; x_wconf 87' lang='lat' dir='ltr'>varios</span> <span class='ocrx_word' id='word_1_220' title='bbox 685 4186 862 4271; x_wconf 86' lang='lat' dir='ltr'>splendere</span> <span class='ocrx_word' id='word_1_221' title='bbox 878 4187 1035 4250; x_wconf 69' lang='lat' dir='ltr'>decores</span> 
     </span>
    </p>
   </div>
   <div class='ocr_carea' id='block_1_5' title="bbox 252 4427 1138 4504">
    <p class='ocr_par' dir='ltr' id='par_1_13' title="bbox 252 4427 1138 4504">
     <span class='ocr_line' id='line_1_34' title="bbox 252 4427 1138 4504; baseline 0.016 -30"><span class='ocrx_word' id='word_1_222' title='bbox 252 4430 301 4476; x_wconf 84' lang='lat'>959</span> <span class='ocrx_word' id='word_1_223' title='bbox 319 4435 395 4495; x_wconf 76' lang='lat' dir='ltr'>perte</span> <span class='ocrx_word' id='word_1_224' title='bbox 412 4429 423 4496; x_wconf 82' lang='grc' dir='ltr'>ΙΙ</span> <span class='ocrx_word' id='word_1_225' title='bbox 442 4435 490 4480; x_wconf 79' lang='grc'>961</span> <span class='ocrx_word' id='word_1_226' title='bbox 512 4427 596 4478; x_wconf 88' lang='lat' dir='ltr'>intus.</span> <span class='ocrx_word' id='word_1_227' title='bbox 614 4427 626 4494; x_wconf 82' lang='grc' dir='ltr'>ΙΙ</span> <span class='ocrx_word' id='word_1_228' title='bbox 644 4433 693 4479; x_wconf 75' lang='grc'>582</span> <span class='ocrx_word' id='word_1_229' title='bbox 713 4447 871 4482; x_wconf 78' lang='lat' dir='ltr'>consensum</span> <span class='ocrx_word' id='word_1_230' title='bbox 890 4433 900 4499; x_wconf 75' lang='grc'>11</span> <span class='ocrx_word' id='word_1_231' title='bbox 920 4437 967 4482; x_wconf 77' lang='grc'>983</span> <span class='ocrx_word' id='word_1_232' title='bbox 987 4432 1138 4504; x_wconf 83' lang='lat' dir='ltr'>Scenstquc</span> 
     </span>
    </p>
   </div>
   <div class='ocr_carea' id='block_1_6' title="bbox 0 0 1490 5268">
    <p class='ocr_par' dir='ltr' id='par_1_14' title="bbox 0 0 1490 5268">
     <span class='ocr_line' id='line_1_35' title="bbox 0 0 1490 5268; baseline 0 0"><span class='ocrx_word' id='word_1_233' title='bbox 0 0 1490 5268; x_wconf 95' lang='lat' dir='ltr'> </span> 
     </span>
    </p>
   </div>
  </div>
 </body>
</html>
