2946 5188
647 495 678 564 Il

94 677 272 754 praeterea
286 687 426 752 magnae
442 667 589 752 legiones
604 687 678 731 cum
693 668 768 732 loca
783 691 881 734 cursu

96 803 290 869 camporum
305 781 490 866 complent,
501 782 579 846 belli
593 783 769 847 simulacra
784 785 924 856 cientes,

13 916 70 959 ης»
95 897 208 982 fulgor
222 897 268 960 ibi
283 895 327 959 ad
341 896 468 960 caelum
483 917 519 958 se
534 894 639 970 tollit,
650 905 791 982 totaque
805 900 929 964 circum

96 1033 175 1075 aere
189 1010 370 1074 renidescit
383 1009 498 1082 tellus,
511 1017 693 1096 supterque
708 1013 813 1076 virum
829 1015 862 1076 vi

97 1126 229 1190 excitur
243 1123 385 1210 pedibus
400 1125 547 1200 sonitus,
560 1124 771 1210 clamoreque
785 1137 916 1193 montes
935 1131 938 1136 '

96 1240 156 1303 icti
170 1239 333 1303 reiectant
346 1261 447 1304 voces
463 1237 507 1303 ad
522 1237 633 1304 sidera
647 1239 776 1316 mundi,

99 1361 135 1417 et
151 1353 277 1417 circum
291 1355 433 1418 volitant
448 1355 578 1439 equites
593 1354 789 1440 mediosque
802 1364 942 1442 repente

6 1485 71 1528 aaa
98 1468 291 1532 tramittunt
304 1451 416 1531 valiilo
432 1469 621 1554 quatientes
635 1470 757 1556 impete
773 1489 928 1557 campos:

97 1591 133 1645 et
149 1589 261 1645 temen
276 1589 326 1644 est
341 1580 474 1665 quidam
489 1583 583 1647 locus
599 1584 673 1648 altis
689 1583 873 1660 montibus,
888 1583 978 1648 unde

97 1705 192 1760 stare
208 1695 363 1760 videntur
377 1697 460 1760 etin
474 1697 598 1783 campie
614 1699 797 1763 consistere
811 1698 935 1785 fulgor.

142 1810 243 1874 Nunc
257 1831 334 1896 age,
345 1811 409 1874 iam
425 1810 583 1897 deinceps
599 1822 790 1878 cunctarum
807 1807 945 1878 exordia
958 1836 1068 1879 rerum

98 1925 214 2010 qualia
227 1925 295 1988 sint
309 1933 343 1989 et
357 1926 569 2012 quamlonge
585 1925 744 1992 distantia
758 1926 872 1992 formis

14 2059 72 2102 335
99 2041 238 2126 percipe
248 2089 255 2116 ,
265 2039 453 2125 multigenis
468 2061 567 2126 quam
582 2043 648 2106 sint
663 2042 789 2106 variata
803 2041 935 2128 figuris3

100 2177 173 2218 non
189 2176 256 2240 quo
271 2155 373 2219 multe
387 2175 504 2240 parum
520 2156 614 2220 simili
629 2157 696 2221 sint
711 2155 864 2244 praedita
876 2155 999 2232 forma,

100 2267 167 2332 sed
183 2270 261 2354 quia
273 2285 341 2334 non
356 2270 458 2356 volgo
472 2271 567 2355 paria
582 2270 734 2334 omnibus
750 2271 859 2333 omnia
874 2279 1044 2335 constent.

99 2405 168 2448 nec
181 2384 313 2448 mirum:
324 2404 399 2448 nam
415 2405 490 2448 cum
505 2385 549 2448 sit
563 2404 677 2450 eorum
693 2383 790 2470 copia
804 2391 912 2457 tante,

99 2509 141 2564 ut
156 2519 265 2584 neque
279 2497 369 2572 linis,
381 2501 430 2563 uti
445 2498 562 2574 docui,
573 2519 683 2583 neque
698 2519 825 2561 summa
839 2499 882 2562 sit
896 2499 977 2574 ulla,

22 2633 75 2678 aro
103 2613 249 2687 debent,
259 2614 294 2676 ni
307 2613 521 2688 mirum‚non
536 2613 689 2676 omnibus
705 2613 815 2676 omnia
828 2633 982 2697 prorsum

102 2750 181 2794 cese
196 2728 268 2813 pari
282 2727 338 2792 filo
353 2727 515 2811 similique
530 2725 662 2792 adfecta
675 2728 796 2813 ligura.

102 2843 296 2930 parturiunt
311 2863 415 2927 genus
429 2841 609 2906 humanum
622 2849 800 2926 mutaeque
814 2850 968 2906 natantes

103 2958 353 3043 squamigerum
368 2955 516 3042 pecudes
531 2965 565 3020 et
579 2956 668 3020 laeta
683 2964 832 3020 armenta
846 2954 1020 3040 feraeque,

102 3083 138 3136 et
154 3071 266 3136 variae
281 3071 435 3136 volucres
445 3120 452 3146 ‚
462 3071 622 3136 laetantia
637 3089 722 3154 quae
736 3069 811 3132 loca
825 3090 986 3152 aquarum

27 3207 78 3251 ers
103 3186 344 3250 concelebrant
358 3187 481 3250 circum
495 3186 586 3270 ripas
601 3181 771 3267 fontisque
786 3183 959 3267 lacusque,

105 3313 141 3366 et
158 3321 245 3386 quae
259 3301 459 3388 pervolgant
473 3319 609 3364 nemora
624 3297 698 3362 avia
712 3297 969 3384 pervolitantes3

107 3437 254 3500 quorum
268 3435 369 3479 unum
385 3413 518 3500 quidvis
534 3413 715 3498 generatim
731 3433 861 3476 sumere
875 3432 991 3497 perge:

106 3530 258 3594 invenies
272 3537 383 3593 tamen
398 3530 484 3594 inter
498 3551 535 3592 se
551 3529 683 3594 differre
697 3527 825 3612 figuris.

105 3665 172 3708 nec
187 3645 317 3708 ratione
332 3643 396 3706 alia
410 3643 522 3730 proles
537 3663 740 3728 cognoscere
755 3651 894 3706 matrem

33 3779 81 3821 eto
105 3781 172 3823 nec
187 3767 291 3822 mater
306 3765 423 3844 posset
435 3757 580 3844 prolem3
592 3754 684 3842 quod
699 3778 800 3843 posse
815 3752 982 3828 videmus,

109 3895 176 3938 nec
191 3873 297 3936 minus
312 3881 415 3958 atque
429 3871 580 3936 homines
593 3872 682 3936 iuter
696 3892 733 3936 se
747 3879 829 3936 nota
843 3869 965 3934 cluere.

108 4011 188 4052 nam
203 4008 304 4074 saepe
319 3995 398 4052 ante
413 3985 511 4052 deum
526 3986 649 4051 vitulus
664 3984 804 4050 delubra
818 3983 942 4047 decora

111 4103 309 4166 turicremas
324 4109 464 4187 propter
478 4109 643 4166 mactatus
659 4099 807 4163 concidit
821 4119 912 4165 aras.

113 4389 164 4434 325
185 4382 230 4436 ubi
255 4384 265 4450 ΙΙ
288 4387 337 4434 331
357 4380 428 4434 unde
445 4389 577 4436 malaeum.
600 4381 610 4446 ll
635 4386 682 4431 337
702 4385 822 4431 constat.
848 4377 857 4444 ΙΙ
881 4382 929 4429 342
949 4375 1075 4430 Praetcrc
1100 4373 1109 4440 ll
1135 4375 1182 4423 34³
1201 4386 1243 4421 ur·

113 4468 196 4520 tusca
214 4469 225 4534 ΙΙ
244 4471 291 4517 347
312 4463 426 4533 quodvis

1005 4557 1044 4618 4.
