3034 5204
632 457 686 528 VI
726 493 737 510 .

44 649 72 692 es
89 631 252 718 reliquias
265 631 354 696 vitae
368 629 523 696 membris
533 640 580 695 'ex
596 631 747 696 omnibus
762 631 885 696 aufert.

90 747 216 834 quippe
235 747 357 811 etenim
372 746 478 831 primo
494 745 590 830 qnasi
604 744 771 832 quendam
785 747 917 811 conciet
931 755 1076 812 aestum:
1137 753 1139 756 ’
1240 739 1245 745 ’

89 863 264 947 posterius
278 861 316 925 fit
329 861 394 936 uti,
406 882 479 924 oum
493 859 559 924 iam
573 859 725 925 cecidere
739 861 859 926 veneni

29 1007 30 1084 q
89 974 243 1040 insontis
257 975 350 1061 ipsos
359 1023 367 1051 ,
377 974 423 1040 ibi
437 974 481 1039 sit
495 995 631 1060 quoque
645 975 716 1039 vita
729 974 895 1039 vomenda

29 1093 30 1140 i
89 1096 277 1176 propterea
292 1088 385 1174 quod
398 1109 519 1175 magna
532 1088 608 1153 mali
623 1087 660 1152 fit
675 1090 773 1174 copie
786 1089 923 1154 circum.

43 1218 73 1263 uo
127 1202 185 1269 Fit
201 1225 341 1290 quoque
355 1212 393 1268 ut
405 1204 493 1268 inter
508 1202 586 1268 dum
601 1203 652 1267 vis
666 1203 751 1267 haec
766 1209 867 1288 atque
882 1210 995 1268 aestus
1011 1205 1137 1270 Averni

90 1323 183 1394 aira,
199 1318 259 1404 qui
273 1318 361 1382 inter
375 1319 447 1382 avis
462 1325 637 1402 cumquest
651 1325 841 1403 terramque
855 1317 1002 1394 locatus,

90 1430 269 1508 discutiat,
280 1453 387 1519 prope
401 1432 450 1496 nti
464 1433 557 1496 locus
571 1431 626 1496 hic
640 1433 811 1518 linquatur
824 1432 945 1496 inanis.

91 1547 182 1611 euius
197 1545 259 1612 ubi
274 1567 292 1610 e
306 1547 442 1633 regione
456 1546 521 1611 loci
535 1567 658 1612 venere
672 1548 839 1621 volantes,

90 1660 261 1726 claudicat
276 1662 442 1747 extemplo
457 1661 632 1746 pinnarum
645 1662 738 1726 nisus
751 1661 875 1738 inanis,

42 1787 73 1832 ut
91 1783 121 1838 et
135 1797 302 1841 conamen
317 1776 484 1861 utrimque
499 1776 625 1840 alarum
639 1775 794 1862 proditur
809 1797 919 1841 omne.

91 1888 141 1954 hic
155 1891 218 1956 ubi
232 1891 340 1955 nixari
355 1883 526 1974 nequeunt
540 1891 759 1976 insistereque
773 1891 849 1964 alis,

91 2005 219 2070 scilicet
228 2053 236 2079 ‚
245 2005 281 2068 in
296 2013 419 2069 terram
435 2004 544 2071 delabi
557 2004 709 2090 pondere
724 2006 815 2091 cogit

92 2127 230 2194 natura,
242 2126 276 2183 et
288 2141 429 2184 vacuum
443 2141 550 2207 prope
564 2119 629 2183 iam
642 2141 703 2204 per
716 2121 814 2184 inane
828 2120 975 2184 iacentes

42 2245 73 2290 ue
93 2229 292 2320 dispergunt
306 2234 508 2328 animasper
523 2233 635 2297 caulas
651 2234 801 2318 eorporis
817 2233 933 2297 omnis.

606 2347 624 2386 n

93 2483 158 2526 non
172 2463 255 2528 mihi
269 2463 298 2528 si
312 2463 442 2550 linguae
458 2469 591 2526 centum
604 2461 671 2526 sint
685 2483 812 2548 oraque
827 2469 975 2540 centum,

95 2597 190 2642 aerea
205 2600 288 2659 vox,

604 2694 623 2732 ἱ

776 2808 935 2874 mensibu'
948 2807 1054 2893 frigus

604 2923 622 2961 ᾗ

716 3055 934 3119 cameraeque
950 3036 1085 3100 caminis

604 3145 643 3188 a·

317 3287 318 3290 ¹
414 3287 457 3330 ne
473 3265 610 3331 oblimet

605 3380 623 3420 a

47 3500 80 3546 uo
97 3489 245 3581 frigidior
258 3516 362 3582 porro
377 3495 411 3558 in
425 3497 534 3583 puteis
550 3503 678 3562 aestate
692 3495 731 3560 fit
744 3514 855 3568 umor,

98 3611 235 3675 rarescit
249 3612 327 3696 qnia
340 3619 431 3675 terra
446 3611 554 3676 calore
564 3659 572 3686 ‚
584 3620 619 3677 et
634 3611 758 3676 semina
772 3611 800 3675 si
816 3629 902 3694 quae

99 3719 183 3790 forte
198 3697 333 3811 vaporis
347 3725 467 3801 habet,
478 3747 623 3811 propere
638 3726 773 3791 dimittit
786 3727 820 3789 in
836 3743 948 3788 auras.

100 3857 161 3920 quo
178 3841 282 3926 magis
298 3849 350 3904 est
363 3841 463 3926 igitur
477 3839 577 3904 tellus
593 3839 691 3904 effeta
705 3841 832 3914 calore,

100 3951 133 4017 fit
146 3977 282 4043 quoque
296 3953 449 4042 frigidior
464 3955 520 4040 qui
534 3955 568 4020 in
583 3961 707 4019 terrast
720 3954 853 4018 abditus
869 3972 977 4016 umor.

50 4073 82 4119 ut
100 4065 218 4156 frigore
234 4093 307 4136 cum
322 4071 483 4157 promitur
497 4092 600 4158 porro
616 4069 722 4134 omnis
737 4076 828 4132 terra
843 4067 977 4153 coitque

103 4253 301 4269 Ἢ

102 4357 146 4403 8²5
166 4354 220 4407 vitu
244 4354 255 4421 ll
277 4359 321 4405 831
350 4363 485 4422 torumque
511 4351 521 4421 ll
544 4357 592 4404 832
617 4350 677 4402 ltine
698 4349 825 4419 linquitur
848 4347 859 4416 ll
884 4354 933 4400 8³3
953 4365 967 4400 c
984 4349 1036 4403 bie.
1060 4345 1070 4413 Η
1095 4350 1145 4396 840
1164 4343 1223 4406 Qua

103 4431 250 4506 frigidiori!
269 4442 316 4490 841
337 4436 445 4491 Arcscit
463 4437 473 4504 ΙΙ
492 4436 557 4490 semi
575 4436 664 4506 siqua.
680 4435 691 4502 ΙΙ
711 4439 759 4485 842
778 4433 887 4504 proprie
