2970 5268
277 441 345 510 142
806 435 870 504 llll

202 634 250 682 827
272 635 434 703 proceros
450 634 568 701 passus
578 661 585 687 ‚
597 610 674 676 ideo
689 611 823 697 fastigia
837 629 938 697 posse

274 750 425 794 surarum
440 750 480 793 ac
494 726 649 790 feminum
664 725 806 813 pedibus
820 723 962 788 frmtlate
976 722 1104 810 plicari,

275 843 432 910 bracchia
445 851 516 907 tum
530 861 634 927 porro
648 839 767 903 validis
783 861 826 904 ex
840 847 920 925 apte
935 838 1069 902 lacertis

202 977 251 1024 sao
274 981 349 1024 csse
361 975 546 1042 manusque
562 952 658 1018 datas
672 963 814 1040 utraque
830 961 982 1038 exparte
997 953 1181 1024 ministras,

273 1083 312 1138 ut
324 1072 435 1137 facere
451 1070 495 1135 ad
509 1070 611 1134 vitam
624 1090 799 1155 possemus
816 1089 901 1154 quae
915 1067 1005 1131 foret
1019 1089 1113 1131 usus.

276 1197 388 1253 cetera
403 1185 445 1250 de
459 1205 582 1272 genere
596 1184 663 1248 hoc
676 1184 763 1247 inter
778 1203 863 1266 quae
880 1203 1020 1268 cumque
1034 1191 1226 1269 pretantur,

277 1302 387 1367 omnia
400 1321 560 1388 perversa
573 1305 794 1386 praepostera
808 1303 887 1361 sunt
901 1297 1044 1368 ratione,

157 1435 167 1444 ·
275 1417 322 1480 nil
335 1414 413 1479 ideo
429 1414 585 1499 quoniam
600 1419 749 1476 natumst
762 1413 796 1475 in
812 1433 954 1497 corpore
968 1418 1005 1475 ut
1020 1411 1069 1475 uti

203 1548 252 1594 aas
273 1551 466 1618 possemus,
478 1525 539 1592 sed
554 1526 647 1612 quod
662 1534 809 1590 natumst
821 1525 858 1589 id
872 1534 1029 1613 procreat
1042 1545 1154 1588 usum.

275 1665 338 1708 nec
352 1643 415 1707 fuit
429 1649 507 1707 ante
521 1640 636 1705 videro
652 1639 824 1705 oculorum
838 1641 962 1705 lumina
975 1647 1106 1714 natum,

274 1780 338 1822 nec
352 1757 449 1821 (lictis
465 1777 562 1821 orare
576 1757 668 1840 prius
684 1775 783 1841 quam
798 1755 911 1841 lingua
926 1763 1088 1828 areatat,

275 1869 337 1937 sed
351 1873 463 1958 potius
478 1870 578 1956 longe
592 1871 724 1956 linguae
737 1871 921 1956 praecessit
935 1870 1029 1954 origo

276 2007 479 2060 sermonem,
490 1985 661 2069 multoque
677 1991 809 2048 creatae
824 1990 903 2047 sunt
917 1983 1009 2069 prius
1025 2001 1122 2047 aures

203 2119 252 2165 alo
275 2121 375 2187 quam
389 2121 491 2164 sonus
507 2107 559 2162 est
573 2097 723 2170 auditus,
736 2106 770 2164 et
785 2100 894 2163 omnia
909 2097 1053 2183 denique
1067 2099 1214 2162 membra

276 2223 355 2280 anta
368 2213 478 2290 fuere,
489 2221 528 2278 ut
542 2212 678 2298 opinor,
691 2234 805 2278 corum
821 2234 920 2298 quarn
934 2212 1023 2276 foret
1037 2233 1131 2275 usus:

276 2329 368 2395 haud
383 2311 482 2415 igitur
497 2337 639 2414 potuere
654 2325 770 2391 utendi
785 2349 937 2392 crescere
953 2347 1067 2390 causa.

275 2454 311 2510 at
326 2451 444 2508 contra
458 2441 611 2506 conferre
625 2462 725 2504 manu
740 2443 920 2506 certamina
933 2461 1064 2527 pugnae

276 2567 310 2622 et
322 2558 470 2621 lacerare
485 2563 578 2619 artus
592 2554 797 2640 foedareque
812 2555 961 2619 membra
975 2577 1094 2620 cruore

204 2691 253 2736 84⁵
276 2681 354 2738 ante
369 2671 433 2735 fuit
446 2670 551 2734 multo
568 2689 667 2754 quam
681 2669 794 2733 lucida
808 2670 875 2733 tela
890 2669 1058 2744 volarent,

277 2795 312 2851 et
324 2785 445 2850 volnus
459 2784 566 2850 vitare
581 2783 673 2870 prius
688 2793 808 2849 natura
822 2784 932 2869 coegit·

277 2922 377 2988 quam
393 2896 491 2963 daret
505 2899 671 2964 obiectum
685 2901 812 2986 parmai
826 2900 922 2964 laeva
937 2919 997 2984 per
1013 2906 1131 2963 artem.

276 3016 421 3090 scilicet,
434 3022 468 3077 et
482 3013 606 3077 fessum
621 3034 745 3099 corpus
760 3013 919 3079 mandare
935 3015 1038 3098 quieti

275 3130 379 3195 multo
395 3129 563 3215 antiquius
579 3137 630 3192 est
645 3149 744 3213 quam
758 3129 835 3194 lecti
849 3128 962 3192 mollia
977 3136 1098 3198 strata,

204 3261 252 3309 aso
276 3255 310 3308 et
324 3244 443 3309 sedare
459 3243 545 3307 sitim
561 3243 652 3326 prius
668 3253 720 3306 est
736 3263 834 3326 quam
849 3241 970 3328 pocula
984 3229 1114 3305 uatum.

274 3358 359 3421 haec
372 3358 472 3443 igitur
488 3365 632 3442 possunt
645 3353 761 3419 utendi
777 3355 912 3438 cognita
927 3373 1028 3419 causa

275 3471 422 3546 medior,
435 3493 477 3534 ex
493 3491 555 3533 usu
571 3477 750 3553 quaesunt
764 3468 899 3551 vitaque
913 3475 1063 3554 reperta.

275 3587 330 3650 illa
345 3584 480 3672 quidem
494 3603 645 3648 seorsum
659 3593 739 3646 sunt
753 3583 878 3658 omnia,
891 3603 977 3668 quae
992 3584 1083 3669 prius
1097 3585 1172 3669 ipsa

276 3709 356 3766 nata
371 3698 496 3764 dedere
511 3719 591 3762 suae
605 3704 684 3781 post
697 3697 849 3761 notitiam
863 3697 1031 3762 utilitatis.

204 3833 252 3878 ass
276 3837 343 3900 quo
360 3834 481 3900 genere
496 3814 529 3876 in
544 3813 657 3898 primis
673 3833 791 3876 sensus
807 3821 840 3874 et
854 3813 1002 3877 membra
1015 3811 1184 3889 videmus3

275 3951 379 4014 quare
396 3928 494 3992 etiam
508 3938 611 4014 atquc
627 3929 725 3993 ctiam
739 3927 858 4014 procul
874 3937 978 3991 estut
993 3926 1131 3991 credere
1147 3927 1257 4011 possis

275 4044 426 4108 utilitatis
442 4045 485 4108 ob
502 4041 644 4106 officium
659 4043 810 4131 potuisse
826 4042 965 4126 creari]

277 4329 326 4374 829
346 4323 461 4376 Bacchis
488 4323 497 4392 ll
524 4329 573 4375 830
593 4341 625 4376 cx
643 4333 778 4378 omissum.
805 4323 815 4390 ΙΙ
844 4329 892 4374 836
911 4332 985 4375 nete.
1006 4325 1016 4396 ΙΙ
1035 4329 1083 4376 sla
1102 4337 1229 4375 conserre
1248 4321 1258 4392 ΙΙ
1277 4327 1326 4374 847
1345 4339 1406 4391 per-

182 4415 185 4422 '
278 4415 332 4459 met
350 4407 360 4474 ll
380 4411 429 4456 856
447 4405 527 4475 pocul
