2946 5188
680 383 712 452 Il

18 576 96 620 445
122 557 210 620 haee
226 557 330 642 magis
346 556 464 620 amatis
479 556 566 620 inter
581 577 657 620 sese
672 576 747 620 esse
762 569 935 622 necessest
987 563 991 566 ’
1066 561 1069 568 ’
1133 563 1135 572 ’

121 681 160 736 et
175 672 271 756 quasi
286 669 428 736 ramosis
443 671 508 734 alte
524 678 699 756 compacta
713 673 837 736 teneri.

123 787 162 850 in
178 808 246 870 quo
262 786 326 849 iam
340 806 463 871 genere
478 787 511 849 in
525 785 639 872 primis
654 785 865 850 adamantina
880 808 961 850 saxa

122 902 233 986 prims
247 901 318 964 acie
333 899 606 976 constant,ictus
621 909 835 965 contemnere
850 907 959 973 sueta,

127 1023 165 1078 et
179 1014 282 1080 validi
297 1015 424 1090 silices,
436 1035 476 1077 ac
491 1012 567 1078 duri
579 1015 704 1079 robora
718 1015 813 1090 ferri,

45 1149 102 1193 rso
125 1151 275 1214 aeraque
290 1150 376 1214 quae
392 1129 547 1192 claustris
561 1131 722 1194 restantia
737 1127 975 1194 vociferantur.

124 1244 183 1308 illa
198 1241 332 1329 quidem
348 1242 473 1308 debent
487 1264 505 1306 e
519 1242 649 1308 levibus
664 1253 766 1330 atque
781 1243 936 1308 rutundis

126 1381 203 1422 esse
218 1358 340 1444 magis,
351 1356 475 1422 fluvido
492 1379 579 1442 quac
595 1380 738 1446 corpore
752 1357 879 1444 liquida
894 1367 1067 1423 constant.

125 1494 272 1557 namque
287 1473 464 1558 papaveris
478 1472 618 1536 haustus
633 1472 864 1536 itemstfacilis
880 1475 975 1558 quasi
990 1496 1165 1559 aquarum:

124 1609 191 1651 nee
205 1587 389 1651 retinentur
404 1587 488 1650 enim
503 1588 590 1651 inter
605 1607 641 1650 se
656 1587 892 1672 glomeramina
907 1610 1076 1674 (luneque,

40 1722 102 1764 nse
127 1713 164 1766 et
176 1723 360 1789 procursus
375 1701 453 1765 item
467 1701 615 1788 proclive
629 1701 783 1766 volubilis
799 1711 925 1768 exstat.

126 1817 239 1882 omnia
251 1825 424 1901 postremo
440 1837 526 1901 quae
540 1824 666 1902 puncto
682 1825 831 1900 tempore
846 1819 955 1882 cernis

125 1930 305 2016 diffugere,
317 1937 355 1994 ut
366 1928 492 1993 fumum
507 1931 646 1994 nebulas
660 1929 891 2017 flammasque,
904 1941 1090 2006 necessest,

127 2045 158 2108 si
172 2045 279 2110 minus
294 2045 437 2108 omnibu’
451 2051 530 2109 sunt
545 2067 562 2108 e
576 2045 706 2108 levibus
721 2053 822 2130 atque
836 2047 1007 2120 rutundis,

126 2169 164 2222 at
178 2180 246 2222 non
261 2181 335 2222 esse
351 2168 461 2224 tamen
475 2159 644 2246 perplexis
659 2158 871 2246 indupedita,

50 2292 101 2338 reo
123 2293 274 2361 pungere
288 2274 336 2337 uti
351 2275 483 2360 possint
498 2295 621 2358 corpus
635 2281 883 2359 penetrareque
897 2295 986 2354 sese,

125 2409 191 2452 nec
206 2397 315 2452 tamen
328 2387 469 2452 haerere
484 2389 572 2452 inter
585 2409 639 2465 se3
652 2387 744 2472 quod
760 2410 901 2473 cumque
916 2399 1113 2454 venenumst

126 2504 281 2581 sensibu',
296 2501 357 2566 sed
370 2518 498 2578 rarum,
513 2501 609 2567 facile
624 2509 662 2566 ut
677 2523 882 2588 cognoscere
896 2504 1006 2588 possis

124 2639 197 2680 non
212 2639 229 2679 e
244 2617 412 2703 perplexis
427 2616 490 2681 sed
504 2617 610 2681 acutis
626 2637 699 2681 esse
716 2605 906 2682 elementis,

125 2731 189 2794 sed
206 2730 299 2816 quod
314 2753 425 2796 amara
439 2731 534 2795 vides
550 2731 666 2796 eadem
681 2751 767 2816 quae
782 2731 907 2796 lluvida
922 2741 1093 2806 constant,

56 2862 104 2907 465
128 2844 237 2910 sudor
250 2847 299 2909 uti
312 2846 414 2910 maris
430 2853 479 2910 est
489 2893 496 2920 ‚
508 2847 638 2928 minime
652 2847 800 2910 mirabile
815 2845 968 2911 habebis:

124 2981 205 3024 nam
220 2958 313 3045 quod
327 2960 471 3024 fluvidus
487 2969 555 3036 est,
568 2982 585 3023 e
601 2959 729 3024 levibus
744 2967 845 3043 atque
859 2960 1014 3023 rutundis

125 3083 197 3148 est,
210 3083 243 3137 et
257 3074 376 3138 levibu’
392 3083 471 3139 suut
485 3073 618 3138 aliunde
634 3071 782 3137 admixta
797 3071 922 3136 doloris

125 3163 288 3273 corpora.
301 3211 363 3253 nec
377 3198 487 3254 tamen
501 3189 586 3254 haee
599 3188 735 3253 retineri
749 3187 883 3251 hamata
897 3195 1117 3252 necessumst:

125 3303 256 3367 seilicet
272 3325 345 3368 esse
360 3304 502 3390 globosa
517 3313 625 3368 tamen
635 3352 643 3380 ,
655 3323 730 3367 oum
745 3299 899 3388 squalida
914 3311 1084 3379 constent,

53 3437 100 3482 uo
123 3417 284 3504 provolvi
298 3419 392 3483 simul
408 3426 446 3483 ut
461 3419 593 3505 possint
608 3425 642 3483 et
656 3417 790 3481 laedere
805 3437 940 3480 sensus.

125 3541 161 3596 et
176 3553 245 3617 quo
260 3532 364 3597 mixta
380 3543 477 3618 putes
491 3534 597 3618 magis
611 3553 732 3617 aspera
746 3532 875 3595 levibus
891 3553 964 3596 esse

127 3647 318 3732 principiis,
329 3645 419 3710 unde
435 3657 486 3712 est
500 3647 648 3733 Neptuni
664 3669 787 3732 eorpus
803 3647 974 3720 acerbum,

127 3770 182 3825 est
195 3762 282 3826 ratio
298 3761 493 3826 secernendi
509 3783 726 3847 seorsumque
741 3759 895 3823 videndi:

53 3893 102 3938 rte
124 3876 248 3961 linquit
263 3877 348 3939 enim
363 3897 485 3961 supera
501 3878 597 3940 taetri
614 3874 794 3962 primordia
809 3875 871 3939 viri

132 4111 181 4157 456
200 4121 267 4157 voce
285 4104 415 4159 serantur.
434 4106 444 4173 ΙΙ
464 4111 510 4156 451
523 4101 563 4156 'er
583 4106 593 4172 ΙΙ
613 4111 661 4156 452
681 4122 795 4174 corpora
813 4107 823 4172 ΙΙ
841 4111 889 4156 453
910 4103 981 4174 quod
1000 4103 1010 4172 ll
1029 4111 1077 4156 455
1092 4106 1230 4176 perculsus
1249 4108 1259 4175 ll

130 4193 181 4240 458
199 4188 286 4240 omnia
309 4189 319 4256 ll
342 4195 392 4244 666
410 4205 486 4242 sexa.
514 4190 524 4256 ll
548 4193 594 4240 461
617 4186 750 4240 videmus.
778 4189 788 4256 ll
816 4193 864 4239 462
883 4185 1004 4241 sedatum
1032 4187 1042 4256 ll
1069 4194 1118 4240 465
1138 4188 1231 4241 debet.
1250 4190 1260 4255 ll

131 4277 181 4322 457
201 4288 215 4323 e
232 4271 336 4325 levibus
354 4279 435 4342 atque
451 4269 559 4324 instandi
583 4271 593 4339 ll
621 4277 671 4323 468
690 4272 804 4324 retinere
822 4271 910 4325 hamat
927 4289 1054 4324 necessu.
1078 4273 1089 4339 Η
1112 4276 1161 4323 469
1180 4287 1258 4322 cons·

132 4363 184 4407 tet.
204 4355 213 4421 ll
232 4361 279 4406 471
301 4354 372 4424 quod
391 4357 401 4423 ll
421 4361 469 4408 476
488 4355 575 4424 lnquit
595 4357 604 4397 l
623 4353 724 4407 ruordia
