3034 5198
674 497 689 565 l
1189 501 1233 567 73

121 671 296 736 Aeneidos
310 669 450 755 v11p.2l
470 720 478 733 .
495 670 609 756 itaque
624 671 772 736 Lucilius
787 671 878 757 apud
891 669 1037 736 Nonium
1052 693 1085 756 p.
1095 671 1154 738 281
1166 676 1235 760 pri-

121 769 209 834 mum
222 769 359 834 domim
373 767 463 856 utque
476 769 625 834 sodolieia
639 771 742 835 omnia
760 770 919 834 Tollantur
939 817 945 831 .
967 777 1001 833 et
1017 817 1024 844 ,
1044 775 1147 854 puto,
1167 771 1235 855 pri·

121 889 198 931 mus
219 867 364 930 omnium
386 866 514 931 Ennius
536 868 614 931 Indo
635 878 734 932 weber
754 868 797 932 iti
822 869 905 953 lupu'
924 868 1073 954 sonita,
1094 870 1239 954 euspicii

122 967 227 1030 omnia
245 991 255 1028 .·
278 964 413 1029 codices
424 963 524 1029 Nonii
539 967 635 1030 omnis
648 986 682 1049 p.
691 965 753 1030 378
768 1014 776 1029 .
795 972 947 1050 tempore
962 973 1152 1050 postremus
1167 964 1236 1030 for-

123 1071 217 1128 tasse
230 1063 259 1126 is
276 1063 332 1148 qui
346 1063 484 1148 scripsit
497 1062 541 1127 de
555 1063 646 1128 bono
661 1065 734 1128 viro
745 1083 864 1128 versus
876 1067 887 1148 (
897 1063 1111 1150 anthologiae
1122 1064 1196 1129 Lat.
1205 1087 1237 1140 v,

127 1161 205 1245 141)
226 1160 269 1226 24
288 1160 342 1225 sio
353 1163 434 1226 dicto
450 1173 479 1225 'et
490 1161 582 1249 saeta
589 1185 651 1247 per
664 1162 767 1226 omnia
781 1160 958 1247 Iupr'edienc
975 1191 992 1224 .⁴
1002 1157 1070 1224 sed
1077 1161 1236 1226 Lucretio

124 1262 261 1345 quoque
282 1259 372 1323 idem
388 1257 604 1336 reddendum
627 1267 680 1324 est
702 1268 737 1324 et
757 1259 811 1324 bic
835 1267 869 1324 et
890 1260 924 1323 in
945 1259 1141 1335 11,7l9,ubi
1162 1259 1237 1324 libri
1290 1246 1296 1254 ’

124 1357 244 1422 eodem
255 1355 356 1422 modo
368 1363 513 1441 peccant
528 1407 534 1420 .
553 1357 652 1422 buius
663 1357 796 1453 generis
808 1357 873 1421 alid
884 1376 1050 1443 exponam
1061 1355 1106 1421 ad
1116 1357 1238 1422 librum

124 1477 161 1532 11,
170 1454 232 1518 829
248 1460 282 1518 et
295 1452 340 1519 ud
355 1455 491 1530 1113917.
976 1461 978 1464 ’
1058 1517 1064 1526 .

213 1553 299 1618 1114.
330 1549 441 1618 Ηιιιιο
479 1575 541 1618 src
573 1573 806 1618 pernosces
837 1573 969 1615 rsuvn
1001 1573 1237 1616 respuemus

124 1671 281 1714 casata
292 1649 428 1736 ‚Neque
442 1653 487 1716 sie
501 1659 616 1736 aptum
631 1659 699 1726 est,
710 1649 997 1734 neque'pmduclus
1008 1670 1106 1714 ..nam
1120 1651 1164 1714 cic
1178 1672 1237 1714 ne-

124 1768 191 1833 que
206 1743 251 1812 sd
265 1749 440 1834 superiora
453 1747 572 1813 referri
584 1749 741 1823 videtur,
763 1754 797 1811 et
810 1744 928 1831 putide
943 1744 1109 1810 adiectum
1125 1749 1189 1813 erit
1202 1748 1236 1812 in

117 1865 223 1932 poma
244 1848 368 1933 opella:
394 1869 457 1912 nec
470 1849 666 1933 perducentis
686 1865 794 1933 parva
812 1865 918 1930 opere
936 1843 1050 1909 futura
1071 1851 1146 1922 est,
1174 1844 1237 1910 scd

125 1943 287 2010 discentis
307 1995 314 2009 .
337 1945 542 2026 Marullussi
560 1946 714 2032 scripsit,
731 1951 765 2008 et
786 1949 888 2008 versu
908 1944 1063 2028 proximo
1084 1968 1145 2010 nort
1166 1945 1238 2008 tibi:

124 2040 306 2106 Lambinus
327 2041 407 2106 fecit
422 2043 604 2129 perstructos
625 2044 743 2127 opella.
765 2047 912 2126 possunt
931 2041 1018 2105 haec
1039 2041 1168 2106 facibus
1189 2043 1238 2124 ita

124 2141 302 2222 procurari
317 2149 355 2202 ut
372 2140 557 2203 scribamus
572 2135 685 2216 Haec,
705 2159 796 2202 scio
815 2184 824 2212 ,
840 2160 1004 2222 pernosces
1018 2161 1121 2223 parva
1141 2161 1237 2204 asr-

123 2257 282 2302 nocros
304 2239 423 2321 opella.
438 2237 489 2300 bis
512 2234 629 2300 eadem
648 2235 900 2321 praepositione
918 2235 968 2297 uti
991 2236 1149 2320 antiquae
1172 2238 1236 2301 ele·

123 2336 261 2420 gantiae
283 2340 336 2397 est
357 2379 365 2398 .
388 2334 436 2398 sic
457 2333 543 2396 libro
558 2354 602 2406 v1,
612 2330 652 2396 42
672 2333 738 2410 Quo
751 2333 850 2416 mopis
863 2333 1015 2416 inceptem
1022 2355 1154 2418 perpam
1162 2357 1238 2420 per-

123 2444 227 2497 texere
241 2432 327 2494 dictis
346 2481 353 2494 .
375 2429 494 2496 eodem
512 2429 571 2494 138
591 2431 773 2494 Perscindot
790 2429 897 2493 maban
915 2429 1111 2516 perfringens
1130 2433 1238 2518 impete

123 2541 205 2594 recto
217 2579 224 2592 .
240 2527 362 2594 ibidem
377 2528 438 2592 916
459 2529 558 2616 Usque
572 2529 647 2592 odeo
656 2533 878 2613 pentameter
890 2529 935 2590 vis
944 2529 1085 2612 pervolet
1097 2532 1162 2594 eius
1178 2580 1185 2593 .
1202 2554 1237 2611 rr,

127 2627 208 2690 1116
222 2627 366 2713 Denique
385 2628 428 2691 ud
445 2637 610 2691 extrenum
630 2626 783 2690 crescendi
797 2626 1023 2714 persicostoem
1041 2626 1154 2694 Omnia
1162 2652 1237 2714 per·

126 2726 227 2790 duait.
238 2725 271 2787 in
283 2746 331 2799 111,
341 2724 403 2789 936
414 2726 517 2790 munio
526 2735 684 2810 pertusum
698 2735 836 2809 cmapcsta
850 2723 939 2809 quusi
953 2724 986 2786 iu
1000 2747 1053 2788 eos
1071 2725 1238 2793 Commodo

121 2821 309 2911 perflusere.
320 2823 354 2885 in
369 2843 413 2900 vr,
422 2821 484 2886 543
499 2821 560 2886 His
573 2822 668 2907 ὁρίων
679 2821 770 2885 retas
782 2801 947 2884 ιιιόἱαιιὸιὶι
960 2825 1195 2910 suppositisque.
1221 2835 1225 2844 '

209 2943 244 2996 ιι,
268 2921 294 2984 l.
311 2919 445 2984 Suavs
461 2942 560 2984 narr
575 2941 735 2983 uacuo.
751 2919 889 2984 Servius
901 2919 946 2982 sd
956 2920 1126 2986 Aeneidos
1137 2923 1237 2997 v,628

15 3039 20 3046 ·
126 3017 229 3085 suave
242 3043 328 3083 mare
342 3041 506 3104 mopuom.
529 3039 609 3082 mox
623 3023 866 3098 commentator
881 3016 1013 3081 Horatii
1026 3017 1237 3102 Cruquianus

125 3139 158 3203 p.
168 3117 255 3192 551⁸,
270 3117 328 3200 qui
349 3116 455 3179 utitur
477 3135 579 3178 versu
600 3114 707 3197 primo
731 3121 764 3176 et
785 3112 960 3188 secundo,
981 3115 1160 3178 molamus
1175 3138 1237 3202 pro
1350 3137 1353 3144 ·

124 3216 332 3280 turbamilms.
349 3213 383 3276 in
405 3211 557 3276 secundo
578 3211 708 3275 Marius
729 3210 925 3275 Victorinus
947 3233 980 3296 p.
988 3209 1071 3274 2475
1092 3217 1238 3278 testatur

126 3333 203 3378 esse
217 3336 234 3376 e
247 3311 380 3376 ecculm
389 3333 450 3396 per
463 3334 494 3376 se
507 3312 572 3375 sirac
585 3313 723 3375 societate
733 3318 822 3395 atque
833 3309 1018 3374 adminiculo
1029 3314 1239 3395 collectionis,-

122 3408 220 3496 'quod
236 3415 356 3472 contra
370 3405 462 3492 apud
476 3407 621 3472 Nonium
636 3408 670 3472 in
683 3418 818 3494 spectare
827 3411 864 3492 p.
873 3405 945 3482 402,
956 3407 994 3471 13
1009 3406 1169 3492 scriptum
1185 3417 1239 3476 est
1301 3471 1313 3501 x

127 3508 171 3573 Ec
182 3519 299 3572 terroe.
1062 3513 1065 3520 ’
1142 3513 1146 3522 ’

211 3605 239 3670 5.
259 3604 342 3669 Pan
357 3625 531 3670 cunnos.
553 3605 581 3669 6.
598 3603 879 3668 Sunvrsrrau
895 3653 901 3666 .
916 3603 1012 3667 Haec
1028 3603 1237 3668 carminain-

125 3723 227 3766 verso
250 3701 369 3768 ordine
391 3702 518 3791 primus
538 3701 703 3767 Aventius
730 3699 866 3776 edidit,
897 3701 950 3764 cui
970 3698 1175 3787 Naugerium
1204 3709 1239 3766 et

128 3798 372 3864 Wakefieldum
390 3845 398 3874 ,
419 3797 509 3862 hunc
531 3797 665 3883 quidem
688 3798 1043 3863 cumadmiretoribus
1066 3799 1154 3872 suis,
1169 3821 1238 3864 uon

59 3897 64 3904 “
126 3897 280 3983 paruisse
302 3898 435 3982 turpius
458 3904 510 3962 est
533 3917 632 3981 quam
653 3896 758 3961 Italos
780 3917 820 3960 ac
833 3895 1013 3960 Marullum
1030 3893 1188 3960 intricata
1203 3903 1238 3960 et

127 3997 243 4079 inepts
257 3994 440 4060 tolerasse.
718 4003 722 4010 ’

214 4091 261 4156 12.
282 4111 740 4159 rrssrnursrtssons.
761 4091 800 4154 ln
813 4091 900 4156 libro
917 4089 1014 4165 111‚62
1023 4102 1178 4176 prestante
1191 4103 1236 4156 to-

128 4191 216 4254 bore.
236 4190 270 4253 in
292 4192 442 4256 secundo
458 4189 532 4254 Itali
555 4197 588 4252 et
610 4189 763 4274 impressi
785 4210 943 4253 tuscas
956 4198 964 4266 ς
978 4189 1013 4252 in
1034 4188 1136 4253 tertio
1159 4188 1237 4252 dum

128 4293 225 4352 taxat
240 4289 411 4372 impressi,
422 4289 486 4354 nisi
500 4287 617 4352 fallor.
628 4287 690 4352 sed
705 4286 857 4351 Venetus
870 4287 917 4350 ibi
931 4287 1082 4351 laborem.

214 4385 260 4450 15.
284 4408 541 4464 Qunurrsouu
569 4409 784 4452 ruarcrrs.
814 4386 994 4451 Corrcctor
1024 4382 1181 4469 quadrati
1204 4389 1238 4443 et

127 4483 328 4548 Lactantius
348 4485 489 4550 institut.
503 4507 524 4558 1,
533 4484 633 4560 2248
655 4507 862 4550 rsarcnrs.
884 4483 973 4550 idem
995 4479 1192 4546 Lactantius
1211 4478 1239 4542 Ο
