2970 5268
629 423 692 492 1111

80 617 129 660 nec
143 603 346 680 penetrare
363 605 397 661 et
411 597 502 662 abne
516 598 550 662 in
566 619 689 682 corpus
704 618 846 684 corpore
862 605 950 664 toto:

79 731 140 774 nam
152 710 277 775 facere
294 713 394 778 inter
408 712 486 776 dum
501 711 586 778 velle
601 722 637 776 et
651 721 780 776 certare
794 711 966 779 videntur.

77 847 170 909 usque
185 826 288 890 adeo
309 827 439 914 cupide
452 829 487 892 in
501 828 645 892 Veneris
660 827 874 912 compagibus
889 828 1043 904 haerent,

77 940 214 1004 membra
229 942 436 1028 voluptatis
451 941 529 1006 dum
544 944 577 1006 vi
592 941 757 1007 labefacta
770 943 973 1027 liquescunt.
1088 1017 1103 1036 ι

42 1069 63 1109 ,.“·
75 1053 198 1119 landem
214 1057 284 1120 ubi
304 1079 349 1121 se
364 1058 473 1143 erupit
486 1058 598 1122 nervis
613 1058 765 1122 conlecta
779 1056 917 1142 cupido,

75 1189 166 1250 parva
181 1170 226 1234 lit
241 1170 391 1236 ardoris
405 1173 542 1237 violenti
556 1193 664 1256 pausa
678 1192 870 1258 parumper:

74 1281 140 1346 inde
154 1283 257 1350 redit
272 1286 397 1350 rabies
412 1284 527 1350 eadem
544 1295 578 1350 et
590 1285 684 1350 furor
698 1286 752 1350 ille
766 1286 896 1361 revisit,

76 1417 137 1459 cum
153 1399 223 1465 sibi
240 1399 338 1486 quid
354 1401 487 1486 cupiant
500 1401 564 1488 ipsi
579 1400 773 1486 'contingere
789 1410 968 1485 quaeruut,

75 1531 127 1574 nec
138 1515 313 1600 reperire
327 1516 448 1580 malum
461 1513 497 1578 id
513 1523 657 1600 possunt
672 1535 758 1600 quae
773 1515 925 1580 machina
939 1516 1063 1582 vincat.

42 1644 64 1679 ἰι
75 1645 170 1710 usque
182 1625 288 1693 'adeo
308 1630 427 1696 incerti
442 1631 619 1696 tabescunt
632 1630 770 1694 volucre
785 1651 901 1695 caeco.

109 1740 208 1806 node
225 1744 335 1830 quod
349 1745 528 1812 absumunt
542 1745 620 1810 viris
635 1752 845 1831 pereuntque
859 1746 991 1820 labore,

75 1851 153 1917 adde
169 1859 279 1942 quod
296 1860 434 1925 alterius
449 1861 511 1926 sub
526 1867 610 1924 nutu
625 1858 757 1945 degitur
772 1867 879 1926 aetas.

78 1965 191 2034 labitur
205 1974 350 2038 interca
363 1997 418 2040 res
434 1982 467 2040 et
480 1973 687 2062 Babylonica
701 1975 802 2049 liunt,

77 2081 235 2170 languent
249 2090 370 2166 officia
383 2100 486 2176 atque
500 2097 656 2176 aegrotat
668 2089 757 2154 fama
767 2089 941 2155 vacillans.
959 2089 963 2100 ⁴

43 2209 68 2251 ι-’ὲ
78 2211 250 2282 argentum
267 2214 304 2270 et
320 2205 461 2290 pulchra
475 2207 508 2269 in
524 2203 665 2291 pedibus
682 2205 841 2291 Sicyonia
854 2203 981 2278 rident,

81 2313 199 2382 scilicet
210 2367 220 2398 ,
233 2327 275 2384 et
289 2319 436 2406 grandes
451 2319 547 2386 viridi
563 2341 638 2384 cum
651 2320 726 2384 luce
741 2319 910 2406 zmaragdi

80 2444 152 2493 auro
166 2431 607 2521 includuntur,-tcriturque
623 2433 806 2500 thalassina
821 2436 924 2500 vestis

83 2539 215 2612 adsidue
232 2558 270 2614 et
285 2549 428 2616 Veneris
443 2549 601 2624 sudorem
615 2551 762 2614 exercita
775 2559 885 2635 potat.

84 2669 111 2719 et
124 2659 211 2726 bene
226 2673 332 2751 parta
346 2673 477 2750 patrum
491 2665 576 2730 fiunt
590 2664 805 2747 anadcmata,
816 2668 947 2741 mitrae,

48 2782 73 2824 :a
84 2771 158 2838 iuter
172 2776 259 2844 dum
273 2781 310 2844 in
323 2781 445 2866 pallam
460 2789 562 2866 atque
577 2781 737 2846 alidensia
753 2781 876 2867 Ciaque
890 2787 1040 2846 vertunt.
1150 2813 1154 2820 ·

85 2889 192 2955 eximia
206 2904 308 2960 veste
323 2903 357 2960 et
370 2895 462 2960 victu
477 2897 648 2972 convivia,
661 2897 790 2983 lychni,
838 2917 844 2924 ·

86 3007 195 3082 pocula
210 3011 350 3084 crebra,
360 3019 548 3096 unguenta,
560 3031 724 3085 coronae,
736 3017 842 3083 serta,
855 3015 1031 3092 parantur,

87 3136 121 3180 sse
134 3124 312 3210 quiquam,
324 3126 480 3210 quoniam
495 3122 604 3188 medio
620 3122 663 3188 de
677 3122 772 3188 fonte
787 3122 937 3206 leporum

86 3238 181 3321 surgit
194 3239 301 3304 amari
316 3239 449 3325 aliquit,
462 3237 555 3325 quod
569 3239 603 3304 in
618 3237 698 3325 ipsis
714 3237 852 3302 floribus
867 3243 984 3321 angat,

51 3353 76 3398 aa
87 3358 135 3412 aut
148 3373 222 3418 cnm
238 3355 393 3420 conscius
407 3356 480 3440 ipse
496 3355 623 3419 animus
638 3376 675 3418 se
689 3353 778 3418 forte
791 3349 963 3416 remordet

87 3458 245 3534 desidiose
261 3489 360 3555 agere
375 3479 518 3536 aetatem
531 3470 713 3554 lustrisque
728 3468 857 3553 perire,

88 3585 135 3641 aut
148 3583 240 3666 quod
254 3585 289 3648 in
304 3585 458 3670 ambiguo
473 3586 612 3650 verbnm
625 3585 768 3648 iaculata
782 3583 929 3668 reliquit,

91 3694 169 3772 quod
182 3698 307 3786 cupido
323 3697 468 3764 adfixum
483 3699 578 3764 cordi
593 3699 730 3762 vivescit
744 3706 782 3762 ut
795 3697 897 3783 ignis,

89 3815 135 3870 aut
147 3812 280 3879 nimium
293 3814 417 3880 iactare
433 3815 550 3878 oculos
564 3813 705 3876 aliumve
720 3811 807 3876 tueri

46 3917 80 3972 lli
91 3923 167 4001 quod
179 3936 278 4016 putat
292 3928 326 3994 in
340 3928 502 4012 voltuque
518 3925 610 3992 videt
623 3926 763 4011 vestigia
778 3926 880 3990 risus.

96 4119 279 4141 ⁸5—-

24 4269 27 4299 l
95 4235 145 4287 1115
162 4243 282 4296 coniecta
306 4242 317 4310 11
349 4249 413 4296 1118
432 4243 503 4314 quod
530 4245 540 4314 11
571 4251 632 4297 1121
653 4244 720 4297 utris
739 4244 748 4312 11
770 4247 833 4295 1123
853 4242 994 4312 babylonia
1013 4243 1023 4310 11
1044 4247 1108 4295 1124
1128 4239 1203 4308 vigil·

93 4309 151 4449 limi
167 4323 177 4390 11
197 4331 262 4378 1125
275 4324 421 4396 Unguenta
438 4328 449 4396 11
470 4333 534 4380 1129
547 4327 614 4380 lluut
626 4326 637 4395 11
653 4331 718 4380 1130
730 4325 855 4380 alidensia
866 4327 976 4396 chiaque
994 4326 1005 4395 11
1027 4320 1206 4388 1131111ἱά11

121 4405 147 4455 37
164 4408 287 4477 ambiquo
