<?xml version="1.0" encoding="UTF-8"?>
<!DOCTYPE html PUBLIC "-//W3C//DTD XHTML 1.0 Transitional//EN"
    "http://www.w3.org/TR/xhtml1/DTD/xhtml1-transitional.dtd">
<html xmlns="http://www.w3.org/1999/xhtml" xml:lang="en" lang="en">
 <head>
  <title>
</title>
<meta http-equiv="Content-Type" content="text/html;charset=utf-8" />
  <meta name='ocr-system' content='tesseract 3.04.00' />
  <meta name='ocr-capabilities' content='ocr_page ocr_carea ocr_par ocr_line ocrx_word'/>
</head>
<body>
  <div class='ocr_page' id='page_1' title='image "./intlucretiicari00lachgoog_0519.png"; bbox 0 0 2972 5188; ppageno 0'>
   <div class='ocr_carea' id='block_1_1' title="bbox 277 535 857 606">
    <p class='ocr_par' dir='ltr' id='par_1_1' title="bbox 277 535 857 606">
     <span class='ocr_line' id='line_1_1' title="bbox 277 535 857 606; baseline -0.009 0"><span class='ocrx_word' id='word_1_1' title='bbox 277 543 346 606; x_wconf 77' lang='grc'><strong>262</strong></span> <span class='ocrx_word' id='word_1_2' title='bbox 809 535 857 603; x_wconf 92' lang='lat' dir='ltr'><strong>lV</strong></span> 
     </span>
    </p>
   </div>
   <div class='ocr_carea' id='block_1_2' title="bbox 221 710 1396 1874">
    <p class='ocr_par' dir='ltr' id='par_1_2' title="bbox 221 710 1396 1874">
     <span class='ocr_line' id='line_1_2' title="bbox 279 710 1396 788; baseline -0.004 -11"><span class='ocrx_word' id='word_1_3' title='bbox 279 713 469 778; x_wconf 71' lang='lat' dir='ltr'><strong>Turtures</strong></span> <span class='ocrx_word' id='word_1_4' title='bbox 492 733 623 788; x_wconf 74' lang='lat' dir='ltr'><strong>enque</strong></span> <span class='ocrx_word' id='word_1_5' title='bbox 647 732 737 774; x_wconf 81' lang='lat' dir='ltr'><strong>mus</strong></span> <span class='ocrx_word' id='word_1_6' title='bbox 761 733 917 774; x_wconf 75' lang='lat' dir='ltr'><strong>cesano</strong></span> <span class='ocrx_word' id='word_1_7' title='bbox 941 731 1171 774; x_wconf 80' lang='lat' dir='ltr'><strong>runsnnrsn</strong></span> <span class='ocrx_word' id='word_1_8' title='bbox 1193 731 1308 773; x_wconf 74' lang='grc' dir='ltr'><strong>ιοτιι.</strong></span> <span class='ocrx_word' id='word_1_9' title='bbox 1329 710 1396 774; x_wconf 81' lang='lat' dir='ltr'><strong>Ictu</strong></span> 
     </span>
     <span class='ocr_line' id='line_1_3' title="bbox 280 807 1396 892; baseline 0 -20"><span class='ocrx_word' id='word_1_10' title='bbox 280 812 360 888; x_wconf 65' lang='lat' dir='ltr'><strong>eicis,</strong></span> <span class='ocrx_word' id='word_1_11' title='bbox 382 809 511 873; x_wconf 89' lang='lat' dir='ltr'><strong>scilieet</strong></span> <span class='ocrx_word' id='word_1_12' title='bbox 532 810 630 872; x_wconf 77' lang='lat' dir='ltr'><strong>atris.</strong></span> <span class='ocrx_word' id='word_1_13' title='bbox 654 807 716 872; x_wconf 89' lang='lat' dir='ltr'><strong>sed</strong></span> <span class='ocrx_word' id='word_1_14' title='bbox 738 816 995 892; x_wconf 82' lang='lat' dir='ltr'><strong>praecesserant</strong></span> <span class='ocrx_word' id='word_1_15' title='bbox 1017 809 1122 872; x_wconf 72' lang='lat' dir='ltr'><strong>atriae</strong></span> <span class='ocrx_word' id='word_1_16' title='bbox 1143 831 1259 885; x_wconf 83' lang='lat' dir='ltr'><strong>aurae,</strong></span> <span class='ocrx_word' id='word_1_17' title='bbox 1283 829 1396 892; x_wconf 88' lang='lat' dir='ltr'><strong>neque</strong></span> 
     </span>
     <span class='ocr_line' id='line_1_4' title="bbox 279 905 1395 993; baseline -0.002 -23"><span class='ocrx_word' id='word_1_18' title='bbox 279 907 348 972; x_wconf 88' lang='lat' dir='ltr'><strong>ulla</strong></span> <span class='ocrx_word' id='word_1_19' title='bbox 362 914 415 970; x_wconf 89' lang='lat' dir='ltr'><strong>est</strong></span> <span class='ocrx_word' id='word_1_20' title='bbox 429 907 576 972; x_wconf 88' lang='lat' dir='ltr'><strong>Lucretii</strong></span> <span class='ocrx_word' id='word_1_21' title='bbox 590 906 626 969; x_wconf 93' lang='lat' dir='ltr'><strong>in</strong></span> <span class='ocrx_word' id='word_1_22' title='bbox 640 905 707 969; x_wconf 88' lang='lat' dir='ltr'><strong>hcc</strong></span> <span class='ocrx_word' id='word_1_23' title='bbox 728 926 851 992; x_wconf 84' lang='lat' dir='ltr'>genere</span> <span class='ocrx_word' id='word_1_24' title='bbox 874 905 1102 993; x_wconf 84' lang='lat' dir='ltr'><strong>neglegentia:</strong></span> <span class='ocrx_word' id='word_1_25' title='bbox 1123 927 1201 968; x_wconf 84' lang='lat' dir='ltr'><strong>nam</strong></span> <span class='ocrx_word' id='word_1_26' title='bbox 1224 905 1320 989; x_wconf 89' lang='lat' dir='ltr'><strong>quod</strong></span> <span class='ocrx_word' id='word_1_27' title='bbox 1345 919 1395 969; x_wconf 86' lang='lat' dir='ltr'><strong>est</strong></span> 
     </span>
     <span class='ocr_line' id='line_1_5' title="bbox 278 1004 1396 1092; baseline -0.002 -24"><span class='ocrx_word' id='word_1_28' title='bbox 278 1005 313 1068; x_wconf 91' lang='lat' dir='ltr'><strong>in</strong></span> <span class='ocrx_word' id='word_1_29' title='bbox 330 1028 351 1079; x_wconf 94' lang='lat'><strong>1,</strong></span> <span class='ocrx_word' id='word_1_30' title='bbox 360 1005 438 1084; x_wconf 84' lang='lat'><strong>352,</strong></span> <span class='ocrx_word' id='word_1_31' title='bbox 455 1005 597 1068; x_wconf 75' lang='lat' dir='ltr'><strong>Crescunt</strong></span> <span class='ocrx_word' id='word_1_32' title='bbox 611 1004 735 1068; x_wconf 80' lang='lat' dir='ltr'><strong>arbusta</strong></span> <span class='ocrx_word' id='word_1_33' title='bbox 748 1048 834 1058; x_wconf 91' lang='lat'>—</span> <span class='ocrx_word' id='word_1_34' title='bbox 842 1053 851 1082; x_wconf 96' lang='lat'><strong>,</strong></span> <span class='ocrx_word' id='word_1_35' title='bbox 871 1004 961 1083; x_wconf 78' lang='lat' dir='ltr'><strong>Quod</strong></span> <span class='ocrx_word' id='word_1_36' title='bbox 973 1005 1056 1068; x_wconf 78' lang='lat' dir='ltr'><strong>cibus</strong></span> <span class='ocrx_word' id='word_1_37' title='bbox 1068 1005 1102 1068; x_wconf 83' lang='lat' dir='ltr'><strong>iu</strong></span> <span class='ocrx_word' id='word_1_38' title='bbox 1115 1015 1192 1069; x_wconf 80' lang='lat' dir='ltr'><strong>totas</strong></span> <span class='ocrx_word' id='word_1_39' title='bbox 1202 1005 1396 1092; x_wconf 56' lang='lat' dir='ltr'><strong>dffanditur.</strong></span> 
     </span>
     <span class='ocr_line' id='line_1_6' title="bbox 280 1100 1394 1187; baseline -0.004 -19"><span class='ocrx_word' id='word_1_40' title='bbox 280 1103 317 1168; x_wconf 93' lang='lat' dir='ltr'><strong>id</strong></span> <span class='ocrx_word' id='word_1_41' title='bbox 338 1104 395 1168; x_wconf 86' lang='lat' dir='ltr'><strong>vix</strong></span> <span class='ocrx_word' id='word_1_42' title='bbox 416 1103 513 1168; x_wconf 89' lang='lat' dir='ltr'><strong>aliter</strong></span> <span class='ocrx_word' id='word_1_43' title='bbox 536 1102 602 1168; x_wconf 90' lang='lat' dir='ltr'><strong>dici</strong></span> <span class='ocrx_word' id='word_1_44' title='bbox 624 1102 753 1187; x_wconf 88' lang='lat' dir='ltr'><strong>potuit,</strong></span> <span class='ocrx_word' id='word_1_45' title='bbox 775 1123 838 1165; x_wconf 90' lang='lat' dir='ltr'><strong>nec</strong></span> <span class='ocrx_word' id='word_1_46' title='bbox 860 1100 958 1165; x_wconf 86' lang='lat' dir='ltr'><strong>sacile</strong></span> <span class='ocrx_word' id='word_1_47' title='bbox 977 1103 1140 1178; x_wconf 77' lang='lat' dir='ltr'>sentitur,</span> <span class='ocrx_word' id='word_1_48' title='bbox 1162 1123 1237 1166; x_wconf 88' lang='lat' dir='ltr'><strong>eum</strong></span> <span class='ocrx_word' id='word_1_49' title='bbox 1257 1123 1329 1165; x_wconf 91' lang='lat' dir='ltr'><strong>non</strong></span> <span class='ocrx_word' id='word_1_50' title='bbox 1353 1103 1394 1164; x_wconf 87' lang='lat' dir='ltr'><strong>sit</strong></span> 
     </span>
     <span class='ocr_line' id='line_1_7' title="bbox 281 1199 1394 1288; baseline 0 -23"><span class='ocrx_word' id='word_1_51' title='bbox 281 1201 448 1265; x_wconf 90' lang='lat' dir='ltr'><strong>adiectum</strong></span> <span class='ocrx_word' id='word_1_52' title='bbox 464 1204 497 1264; x_wconf 84' lang='lat' dir='ltr'><strong>in</strong></span> <span class='ocrx_word' id='word_1_53' title='bbox 511 1225 579 1264; x_wconf 83' lang='lat' dir='ltr'><strong>ees.</strong></span> <span class='ocrx_word' id='word_1_54' title='bbox 603 1221 684 1286; x_wconf 88' lang='lat' dir='ltr'><strong>ergo</strong></span> <span class='ocrx_word' id='word_1_55' title='bbox 707 1199 923 1264; x_wconf 87' lang='lat' dir='ltr'><strong>scribendum</strong></span> <span class='ocrx_word' id='word_1_56' title='bbox 945 1199 1001 1264; x_wconf 87' lang='lat' dir='ltr'><strong>hic</strong></span> <span class='ocrx_word' id='word_1_57' title='bbox 1024 1209 1076 1264; x_wconf 89' lang='lat' dir='ltr'><strong>est</strong></span> <span class='ocrx_word' id='word_1_58' title='bbox 1098 1213 1188 1288; x_wconf 82' lang='lat' dir='ltr'><strong>atquc</strong></span> <span class='ocrx_word' id='word_1_59' title='bbox 1208 1223 1258 1264; x_wconf 78' lang='lat' dir='ltr'><strong>nn</strong></span> <span class='ocrx_word' id='word_1_60' title='bbox 1284 1223 1394 1265; x_wconf 78' lang='lat' dir='ltr'><strong>rsus.</strong></span> 
     </span>
     <span class='ocr_line' id='line_1_8' title="bbox 281 1297 1394 1385; baseline -0.002 -23"><span class='ocrx_word' id='word_1_61' title='bbox 281 1299 351 1374; x_wconf 85' lang='lat' dir='ltr'><strong>vel,</strong></span> <span class='ocrx_word' id='word_1_62' title='bbox 373 1301 402 1364; x_wconf 90' lang='lat' dir='ltr'><strong>si</strong></span> <span class='ocrx_word' id='word_1_63' title='bbox 416 1299 482 1364; x_wconf 90' lang='lat' dir='ltr'><strong>hoc</strong></span> <span class='ocrx_word' id='word_1_64' title='bbox 497 1299 621 1372; x_wconf 89' lang='lat' dir='ltr'><strong>mavis,</strong></span> <span class='ocrx_word' id='word_1_65' title='bbox 643 1321 722 1385; x_wconf 79' lang='lat' dir='ltr'><strong>aque</strong></span> <span class='ocrx_word' id='word_1_66' title='bbox 740 1299 823 1361; x_wconf 82' lang='lat' dir='ltr'><strong>itae.</strong></span> <span class='ocrx_word' id='word_1_67' title='bbox 846 1299 889 1361; x_wconf 81' lang='lat' dir='ltr'><strong>eis</strong></span> <span class='ocrx_word' id='word_1_68' title='bbox 903 1297 958 1362; x_wconf 86' lang='lat' dir='ltr'><strong>vel</strong></span> <span class='ocrx_word' id='word_1_69' title='bbox 973 1300 1011 1362; x_wconf 75' lang='lat' dir='ltr'><strong>iis</strong></span> <span class='ocrx_word' id='word_1_70' title='bbox 1025 1298 1157 1363; x_wconf 90' lang='lat' dir='ltr'><strong>duabus</strong></span> <span class='ocrx_word' id='word_1_71' title='bbox 1173 1297 1315 1384; x_wconf 78' lang='lat' dir='ltr'><strong>syllabis</strong></span> <span class='ocrx_word' id='word_1_72' title='bbox 1328 1297 1394 1361; x_wconf 88' lang='lat' dir='ltr'><strong>Lu-</strong></span> 
     </span>
     <span class='ocr_line' id='line_1_9' title="bbox 282 1395 1395 1483; baseline -0.005 -19"><span class='ocrx_word' id='word_1_73' title='bbox 282 1399 406 1464; x_wconf 87' lang='lat' dir='ltr'><strong>cretius</strong></span> <span class='ocrx_word' id='word_1_74' title='bbox 428 1419 594 1483; x_wconf 83' lang='lat' dir='ltr'><strong>nusquam</strong></span> <span class='ocrx_word' id='word_1_75' title='bbox 615 1398 739 1462; x_wconf 88' lang='lat' dir='ltr'><strong>utitur:</strong></span> <span class='ocrx_word' id='word_1_76' title='bbox 759 1399 797 1460; x_wconf 82' lang='lat' dir='ltr'><strong>iis</strong></span> <span class='ocrx_word' id='word_1_77' title='bbox 812 1395 1071 1483; x_wconf 84' lang='lat' dir='ltr'><strong>monosyllabon</strong></span> <span class='ocrx_word' id='word_1_78' title='bbox 1091 1396 1168 1461; x_wconf 88' lang='lat' dir='ltr'><strong>libri</strong></span> <span class='ocrx_word' id='word_1_79' title='bbox 1190 1395 1395 1482; x_wconf 74' lang='lat' dir='ltr'><strong>aliquotiens</strong></span> 
     </span>
     <span class='ocr_line' id='line_1_10' title="bbox 282 1493 1393 1581; baseline -0.005 -19"><span class='ocrx_word' id='word_1_80' title='bbox 282 1497 459 1571; x_wconf 80' lang='lat' dir='ltr'>exhibent,</span> <span class='ocrx_word' id='word_1_81' title='bbox 480 1497 613 1581; x_wconf 89' lang='lat' dir='ltr'><strong>saepius</strong></span> <span class='ocrx_word' id='word_1_82' title='bbox 628 1496 695 1576; x_wconf 71' lang='lat' dir='ltr'><strong>tis,</strong></span> <span class='ocrx_word' id='word_1_83' title='bbox 713 1496 753 1558; x_wconf 79' lang='lat' dir='ltr'><strong>iis</strong></span> <span class='ocrx_word' id='word_1_84' title='bbox 765 1503 909 1580; x_wconf 86' lang='lat' dir='ltr'><strong>uterque</strong></span> <span class='ocrx_word' id='word_1_85' title='bbox 923 1517 968 1568; x_wconf 86' lang='lat' dir='ltr'><strong>v1,</strong></span> <span class='ocrx_word' id='word_1_86' title='bbox 981 1495 1075 1568; x_wconf 86' lang='lat'><strong>1212,</strong></span> <span class='ocrx_word' id='word_1_87' title='bbox 1093 1493 1281 1580; x_wconf 88' lang='lat' dir='ltr'><strong>quadratus</strong></span> <span class='ocrx_word' id='word_1_88' title='bbox 1298 1495 1393 1567; x_wconf 83' lang='lat' dir='ltr'><strong>111,3l</strong></span> 
     </span>
     <span class='ocr_line' id='line_1_11' title="bbox 282 1591 1395 1676; baseline -0.002 -20"><span class='ocrx_word' id='word_1_89' title='bbox 282 1592 343 1656; x_wconf 82' lang='grc'><strong>267</strong></span> <span class='ocrx_word' id='word_1_90' title='bbox 359 1616 403 1668; x_wconf 89' lang='lat' dir='ltr'><strong>1v,</strong></span> <span class='ocrx_word' id='word_1_91' title='bbox 413 1592 474 1657; x_wconf 84' lang='grc'><strong>238</strong></span> <span class='ocrx_word' id='word_1_92' title='bbox 490 1617 519 1668; x_wconf 91' lang='lat' dir='ltr'><strong>v,</strong></span> <span class='ocrx_word' id='word_1_93' title='bbox 531 1594 606 1656; x_wconf 90' lang='grc'><strong>1091</strong></span> <span class='ocrx_word' id='word_1_94' title='bbox 627 1591 771 1668; x_wconf 72' lang='lat'>13123511</span> <span class='ocrx_word' id='word_1_95' title='bbox 788 1591 1329 1676; x_wconf 79' lang='lat' dir='ltr'><strong>1v,11540b10ngusprimamann</strong></span> <span class='ocrx_word' id='word_1_96' title='bbox 1344 1595 1395 1654; x_wconf 72' lang='lat' dir='ltr'><strong>iis.</strong></span> 
     </span>
     <span class='ocr_line' id='line_1_12' title="bbox 284 1689 1396 1776; baseline -0.002 -22"><span class='ocrx_word' id='word_1_97' title='bbox 284 1691 470 1775; x_wconf 85' lang='lat' dir='ltr'><strong>quadratus</strong></span> <span class='ocrx_word' id='word_1_98' title='bbox 486 1693 512 1754; x_wconf 73' lang='lat' dir='ltr'><strong>ts</strong></span> <span class='ocrx_word' id='word_1_99' title='bbox 527 1691 592 1772; x_wconf 82' lang='lat' dir='ltr'><strong>(ita</strong></span> <span class='ocrx_word' id='word_1_100' title='bbox 606 1690 641 1754; x_wconf 88' lang='lat' dir='ltr'><strong>in</strong></span> <span class='ocrx_word' id='word_1_101' title='bbox 655 1689 824 1756; x_wconf 82' lang='lat' dir='ltr'><strong>Aeneidos</strong></span> <span class='ocrx_word' id='word_1_102' title='bbox 839 1689 954 1764; x_wconf 79' lang='lat' dir='ltr'><strong>rx,274</strong></span> <span class='ocrx_word' id='word_1_103' title='bbox 969 1689 1143 1754; x_wconf 88' lang='lat' dir='ltr'><strong>Mediceus</strong></span> <span class='ocrx_word' id='word_1_104' title='bbox 1158 1691 1290 1776; x_wconf 75' lang='lat' dir='ltr'><strong>Ituaper</strong></span> <span class='ocrx_word' id='word_1_105' title='bbox 1303 1693 1348 1770; x_wconf 74' lang='lat' dir='ltr'><strong>is,</strong></span> <span class='ocrx_word' id='word_1_106' title='bbox 1364 1692 1396 1752; x_wconf 91' lang='lat' dir='ltr'><strong>in</strong></span> 
     </span>
     <span class='ocr_line' id='line_1_13' title="bbox 221 1787 1396 1874; baseline -0.002 -22"><span class='ocrx_word' id='word_1_107' title='bbox 221 1835 224 1840; x_wconf 89' lang='lat'>-</span> <span class='ocrx_word' id='word_1_108' title='bbox 285 1788 385 1852; x_wconf 87' lang='lat' dir='ltr'><strong>Ennii</strong></span> <span class='ocrx_word' id='word_1_109' title='bbox 400 1809 500 1852; x_wconf 90' lang='lat' dir='ltr'><strong>versu</strong></span> <span class='ocrx_word' id='word_1_110' title='bbox 517 1790 673 1874; x_wconf 74' lang='lat' dir='ltr'><strong>Iapetum</strong></span> <span class='ocrx_word' id='word_1_111' title='bbox 688 1787 780 1873; x_wconf 87' lang='lat' dir='ltr'><strong>apud</strong></span> <span class='ocrx_word' id='word_1_112' title='bbox 794 1787 931 1852; x_wconf 80' lang='lat' dir='ltr'><strong>Festum</strong></span> <span class='ocrx_word' id='word_1_113' title='bbox 946 1809 978 1872; x_wconf 93' lang='lat' dir='ltr'><strong>p.</strong></span> <span class='ocrx_word' id='word_1_114' title='bbox 989 1789 1058 1862; x_wconf 83' lang='lat'><strong>305,</strong></span> <span class='ocrx_word' id='word_1_115' title='bbox 1069 1789 1107 1852; x_wconf 89' lang='lat'><strong>19</strong></span> <span class='ocrx_word' id='word_1_116' title='bbox 1129 1789 1185 1852; x_wconf 93' lang='lat' dir='ltr'><strong>ubi</strong></span> <span class='ocrx_word' id='word_1_117' title='bbox 1201 1787 1294 1874; x_wconf 85' lang='lat' dir='ltr'><strong>apud</strong></span> <span class='ocrx_word' id='word_1_118' title='bbox 1311 1789 1396 1851; x_wconf 82' lang='lat' dir='ltr'><strong>l’au-</strong></span> 
     </span>
    </p>
   </div>
   <div class='ocr_carea' id='block_1_3' title="bbox 179 1885 1395 1971">
    <p class='ocr_par' dir='ltr' id='par_1_3' title="bbox 179 1885 1395 1971">
     <span class='ocr_line' id='line_1_14' title="bbox 179 1885 1395 1971; baseline 0 -21"><span class='ocrx_word' id='word_1_119' title='bbox 179 1947 183 1960; x_wconf 70' lang='grc'><em>,</em></span> <span class='ocrx_word' id='word_1_120' title='bbox 284 1887 352 1950; x_wconf 92' lang='lat' dir='ltr'><strong>lum</strong></span> <span class='ocrx_word' id='word_1_121' title='bbox 368 1894 420 1950; x_wconf 87' lang='lat' dir='ltr'><strong>est</strong></span> <span class='ocrx_word' id='word_1_122' title='bbox 434 1885 528 1970; x_wconf 84' lang='lat' dir='ltr'><strong>Hie),</strong></span> <span class='ocrx_word' id='word_1_123' title='bbox 545 1887 580 1952; x_wconf 91' lang='lat' dir='ltr'><strong>in</strong></span> <span class='ocrx_word' id='word_1_124' title='bbox 595 1909 616 1960; x_wconf 91' lang='lat'><strong>1,</strong></span> <span class='ocrx_word' id='word_1_125' title='bbox 625 1885 666 1950; x_wconf 81' lang='lat'><strong>80</strong></span> <span class='ocrx_word' id='word_1_126' title='bbox 681 1885 869 1971; x_wconf 88' lang='lat' dir='ltr'><strong>quadratus</strong></span> <span class='ocrx_word' id='word_1_127' title='bbox 884 1886 1084 1950; x_wconf 68' lang='lat' dir='ltr'><strong>inieratis.</strong></span> <span class='ocrx_word' id='word_1_128' title='bbox 1100 1885 1161 1950; x_wconf 90' lang='lat' dir='ltr'><strong>sed</strong></span> <span class='ocrx_word' id='word_1_129' title='bbox 1176 1889 1271 1950; x_wconf 66' lang='lat' dir='ltr'><strong>eedem</strong></span> <span class='ocrx_word' id='word_1_130' title='bbox 1285 1907 1330 1949; x_wconf 89' lang='lat' dir='ltr'><strong>ne</strong></span> <span class='ocrx_word' id='word_1_131' title='bbox 1345 1909 1395 1950; x_wconf 84' lang='lat' dir='ltr'><strong>se·</strong></span> 
     </span>
    </p>
   </div>
   <div class='ocr_carea' id='block_1_4' title="bbox 254 1983 1405 4616">
    <p class='ocr_par' dir='ltr' id='par_1_4' title="bbox 254 1983 1405 4616">
     <span class='ocr_line' id='line_1_15' title="bbox 283 1983 1397 2070; baseline -0.002 -20"><span class='ocrx_word' id='word_1_132' title='bbox 283 1985 349 2050; x_wconf 91' lang='lat' dir='ltr'><strong>mel</strong></span> <span class='ocrx_word' id='word_1_133' title='bbox 364 1984 497 2070; x_wconf 91' lang='lat' dir='ltr'><strong>quidem</strong></span> <span class='ocrx_word' id='word_1_134' title='bbox 513 1986 743 2060; x_wconf 84' lang='lat' dir='ltr'><strong>membranee;</strong></span> <span class='ocrx_word' id='word_1_135' title='bbox 759 2005 864 2068; x_wconf 85' lang='lat' dir='ltr'><strong>quare</strong></span> <span class='ocrx_word' id='word_1_136' title='bbox 878 2005 949 2048; x_wconf 88' lang='lat' dir='ltr'><strong>non</strong></span> <span class='ocrx_word' id='word_1_137' title='bbox 964 1985 1070 2048; x_wconf 87' lang='lat' dir='ltr'><strong>ausim</strong></span> <span class='ocrx_word' id='word_1_138' title='bbox 1081 1983 1192 2048; x_wconf 89' lang='lat' dir='ltr'><strong>doctis</strong></span> <span class='ocrx_word' id='word_1_139' title='bbox 1204 1985 1397 2049; x_wconf 84' lang='lat' dir='ltr'><strong>hominibus</strong></span> 
     </span>
     <span class='ocr_line' id='line_1_16' title="bbox 284 2081 1396 2168; baseline -0.004 -20"><span class='ocrx_word' id='word_1_140' title='bbox 284 2083 463 2159; x_wconf 81' lang='lat' dir='ltr'><strong>adsentiri,</strong></span> <span class='ocrx_word' id='word_1_141' title='bbox 486 2084 607 2168; x_wconf 90' lang='lat' dir='ltr'><strong>quibus</strong></span> <span class='ocrx_word' id='word_1_142' title='bbox 628 2083 675 2146; x_wconf 85' lang='lat' dir='ltr'><strong>ita</strong></span> <span class='ocrx_word' id='word_1_143' title='bbox 697 2083 846 2146; x_wconf 90' lang='lat' dir='ltr'><strong>scribere</strong></span> <span class='ocrx_word' id='word_1_144' title='bbox 864 2081 990 2166; x_wconf 88' lang='lat' dir='ltr'><strong>placuit</strong></span> <span class='ocrx_word' id='word_1_145' title='bbox 1004 2081 1038 2144; x_wconf 92' lang='lat' dir='ltr'><strong>in</strong></span> <span class='ocrx_word' id='word_1_146' title='bbox 1054 2105 1088 2155; x_wconf 84' lang='lat'><strong>11,</strong></span> <span class='ocrx_word' id='word_1_147' title='bbox 1097 2083 1157 2147; x_wconf 73' lang='lat'><strong>693</strong></span> <span class='ocrx_word' id='word_1_148' title='bbox 1180 2091 1214 2146; x_wconf 91' lang='lat' dir='ltr'><strong>et</strong></span> <span class='ocrx_word' id='word_1_149' title='bbox 1227 2083 1262 2147; x_wconf 93' lang='lat' dir='ltr'><strong>in</strong></span> <span class='ocrx_word' id='word_1_150' title='bbox 1277 2082 1396 2158; x_wconf 59' lang='lat' dir='ltr'><strong>ntes.</strong></span> 
     </span>
     <span class='ocr_line' id='line_1_17' title="bbox 254 2180 1395 2272; baseline -0.007 -20"><span class='ocrx_word' id='word_1_151' title='bbox 254 2245 256 2252; x_wconf 93' lang='lat'><em>.</em></span> <span class='ocrx_word' id='word_1_152' title='bbox 285 2185 351 2248; x_wconf 79' lang='lat' dir='ltr'><strong>ibae</strong></span> <span class='ocrx_word' id='word_1_153' title='bbox 363 2185 398 2247; x_wconf 92' lang='lat' dir='ltr'><strong>in</strong></span> <span class='ocrx_word' id='word_1_154' title='bbox 413 2183 499 2258; x_wconf 68' lang='lat' dir='ltr'><strong>uss</strong></span> <span class='ocrx_word' id='word_1_155' title='bbox 509 2184 637 2272; x_wconf 86' lang='lat' dir='ltr'><strong>primus</strong></span> <span class='ocrx_word' id='word_1_156' title='bbox 647 2190 740 2248; x_wconf 88' lang='lat' dir='ltr'><strong>reete</strong></span> <span class='ocrx_word' id='word_1_157' title='bbox 753 2181 848 2246; x_wconf 87' lang='lat' dir='ltr'><strong>dedit</strong></span> <span class='ocrx_word' id='word_1_158' title='bbox 859 2181 1130 2266; x_wconf 82' lang='lat' dir='ltr'><strong>Havercampus,</strong></span> <span class='ocrx_word' id='word_1_159' title='bbox 1140 2180 1300 2264; x_wconf 87' lang='lat' dir='ltr'><strong>idemque</strong></span> <span class='ocrx_word' id='word_1_160' title='bbox 1315 2182 1395 2245; x_wconf 88' lang='lat' dir='ltr'><strong>seri-</strong></span> 
     </span>
     <span class='ocr_line' id='line_1_18' title="bbox 283 2279 1395 2370; baseline -0.003 -26"><span class='ocrx_word' id='word_1_161' title='bbox 283 2282 432 2346; x_wconf 86' lang='lat' dir='ltr'><strong>bendum</strong></span> <span class='ocrx_word' id='word_1_162' title='bbox 455 2289 507 2346; x_wconf 86' lang='lat' dir='ltr'><strong>est</strong></span> <span class='ocrx_word' id='word_1_163' title='bbox 527 2283 562 2346; x_wconf 94' lang='lat' dir='ltr'><strong>in</strong></span> <span class='ocrx_word' id='word_1_164' title='bbox 584 2282 670 2346; x_wconf 88' lang='lat' dir='ltr'><strong>libro</strong></span> <span class='ocrx_word' id='word_1_165' title='bbox 693 2305 738 2356; x_wconf 84' lang='lat' dir='ltr'><strong>vr,</strong></span> <span class='ocrx_word' id='word_1_166' title='bbox 748 2281 826 2344; x_wconf 82' lang='lat'>755.</span> <span class='ocrx_word' id='word_1_167' title='bbox 849 2280 940 2364; x_wconf 88' lang='lat' dir='ltr'><strong>apud</strong></span> <span class='ocrx_word' id='word_1_168' title='bbox 955 2280 1110 2370; x_wconf 73' lang='lat' dir='ltr'><strong>Blautum</strong></span> <span class='ocrx_word' id='word_1_169' title='bbox 1131 2281 1170 2343; x_wconf 80' lang='lat' dir='ltr'><strong>iis</strong></span> <span class='ocrx_word' id='word_1_170' title='bbox 1190 2279 1246 2342; x_wconf 89' lang='lat' dir='ltr'><strong>vel</strong></span> <span class='ocrx_word' id='word_1_171' title='bbox 1259 2282 1304 2343; x_wconf 79' lang='lat' dir='ltr'><strong>eis</strong></span> <span class='ocrx_word' id='word_1_172' title='bbox 1318 2301 1395 2343; x_wconf 83' lang='lat' dir='ltr'><strong>raro</strong></span> 
     </span>
     <span class='ocr_line' id='line_1_19' title="bbox 286 2377 1397 2466; baseline -0.002 -24"><span class='ocrx_word' id='word_1_173' title='bbox 286 2379 487 2466; x_wconf 88' lang='lat' dir='ltr'><strong>disyllabum</strong></span> <span class='ocrx_word' id='word_1_174' title='bbox 504 2385 557 2442; x_wconf 86' lang='lat' dir='ltr'><strong>est</strong></span> <span class='ocrx_word' id='word_1_175' title='bbox 570 2381 685 2463; x_wconf 89' lang='lat' dir='ltr'><strong>priore</strong></span> <span class='ocrx_word' id='word_1_176' title='bbox 699 2379 812 2453; x_wconf 87' lang='lat' dir='ltr'><strong>brevi,</strong></span> <span class='ocrx_word' id='word_1_177' title='bbox 834 2387 872 2442; x_wconf 88' lang='lat' dir='ltr'><strong>ut</strong></span> <span class='ocrx_word' id='word_1_178' title='bbox 885 2379 921 2441; x_wconf 90' lang='lat' dir='ltr'><strong>in</strong></span> <span class='ocrx_word' id='word_1_179' title='bbox 934 2377 1085 2441; x_wconf 85' lang='lat' dir='ltr'><strong>Poenulo</strong></span> <span class='ocrx_word' id='word_1_180' title='bbox 1102 2401 1124 2453; x_wconf 91' lang='lat'><strong>1,</strong></span> <span class='ocrx_word' id='word_1_181' title='bbox 1137 2377 1212 2452; x_wconf 81' lang='lat'><strong>1,39</strong></span> <span class='ocrx_word' id='word_1_182' title='bbox 1234 2378 1318 2442; x_wconf 65' lang='lat' dir='ltr'><strong>Sat?</strong></span> <span class='ocrx_word' id='word_1_183' title='bbox 1330 2391 1397 2440; x_wconf 70' lang='lat' dir='ltr'><strong>neret</strong></span> 
     </span>
     <span class='ocr_line' id='line_1_20' title="bbox 285 2473 1396 2572; baseline -0.002 -32"><span class='ocrx_word' id='word_1_184' title='bbox 285 2478 422 2542; x_wconf 77' lang='lat' dir='ltr'><strong>trecenti.</strong></span> <span class='ocrx_word' id='word_1_185' title='bbox 446 2479 522 2562; x_wconf 85' lang='lat' dir='ltr'><strong>quid</strong></span> <span class='ocrx_word' id='word_1_186' title='bbox 541 2478 578 2540; x_wconf 80' lang='lat' dir='ltr'><strong>iis</strong></span> <span class='ocrx_word' id='word_1_187' title='bbox 588 2475 766 2564; x_wconf 57' lang='lat' dir='ltr'><strong>secturus?</strong></span> <span class='ocrx_word' id='word_1_188' title='bbox 787 2487 869 2572; x_wconf 72' lang='lat' dir='ltr'><strong>tqce.</strong></span> <span class='ocrx_word' id='word_1_189' title='bbox 891 2476 926 2540; x_wconf 92' lang='lat' dir='ltr'><strong>in</strong></span> <span class='ocrx_word' id='word_1_190' title='bbox 943 2473 1111 2539; x_wconf 85' lang='lat' dir='ltr'><strong>Rudentis</strong></span> <span class='ocrx_word' id='word_1_191' title='bbox 1125 2475 1268 2561; x_wconf 85' lang='lat' dir='ltr'><strong>prologo</strong></span> <span class='ocrx_word' id='word_1_192' title='bbox 1284 2475 1325 2539; x_wconf 86' lang='grc'><strong>73</strong></span> <span class='ocrx_word' id='word_1_193' title='bbox 1342 2476 1396 2540; x_wconf 80' lang='lat' dir='ltr'><strong>Se-</strong></span> 
     </span>
     <span class='ocr_line' id='line_1_21' title="bbox 286 2572 1397 2659; baseline 0.002 -21"><span class='ocrx_word' id='word_1_194' title='bbox 286 2578 357 2640; x_wconf 82' lang='lat' dir='ltr'><strong>dent</strong></span> <span class='ocrx_word' id='word_1_195' title='bbox 369 2577 455 2638; x_wconf 82' lang='lat' dir='ltr'><strong>eiecti</strong></span> <span class='ocrx_word' id='word_1_196' title='bbox 462 2623 471 2651; x_wconf 94' lang='lat'><strong>,</strong></span> <span class='ocrx_word' id='word_1_197' title='bbox 485 2577 571 2637; x_wconf 74' lang='lat' dir='ltr'><strong>nauis</strong></span> <span class='ocrx_word' id='word_1_198' title='bbox 586 2574 771 2659; x_wconf 77' lang='lat' dir='ltr'><strong>cottfrcctast</strong></span> <span class='ocrx_word' id='word_1_199' title='bbox 783 2575 837 2637; x_wconf 76' lang='lat' dir='ltr'><strong>iic.</strong></span> <span class='ocrx_word' id='word_1_200' title='bbox 853 2576 887 2637; x_wconf 91' lang='lat' dir='ltr'><strong>in</strong></span> <span class='ocrx_word' id='word_1_201' title='bbox 899 2572 1100 2638; x_wconf 83' lang='lat' dir='ltr'><strong>Curculione</strong></span> <span class='ocrx_word' id='word_1_202' title='bbox 1114 2574 1192 2648; x_wconf 86' lang='lat'><strong>111,3</strong></span> <span class='ocrx_word' id='word_1_203' title='bbox 1207 2575 1303 2639; x_wconf 79' lang='lat' dir='ltr'><strong>Dices</strong></span> <span class='ocrx_word' id='word_1_204' title='bbox 1316 2601 1397 2640; x_wconf 74' lang='grc' dir='ltr'><strong>ειιιιι.</strong></span> 
     </span>
     <span class='ocr_line' id='line_1_22' title="bbox 287 2671 1397 2758; baseline 0.003 -23"><span class='ocrx_word' id='word_1_205' title='bbox 287 2675 314 2735; x_wconf 74' lang='lat' dir='ltr'><strong>ei</strong></span> <span class='ocrx_word' id='word_1_206' title='bbox 328 2696 388 2736; x_wconf 78' lang='lat' dir='ltr'><strong>eoo</strong></span> <span class='ocrx_word' id='word_1_207' title='bbox 404 2673 497 2734; x_wconf 84' lang='lat' dir='ltr'><strong>reddo</strong></span> <span class='ocrx_word' id='word_1_208' title='bbox 511 2674 553 2735; x_wconf 76' lang='lat' dir='ltr'><strong>eis</strong></span> <span class='ocrx_word' id='word_1_209' title='bbox 567 2671 667 2758; x_wconf 84' lang='lat' dir='ltr'><strong>quitu’</strong></span> <span class='ocrx_word' id='word_1_210' title='bbox 676 2672 766 2734; x_wconf 82' lang='lat' dir='ltr'><strong>deleo</strong></span> <span class='ocrx_word' id='word_1_211' title='bbox 777 2720 783 2734; x_wconf 93' lang='lat'>.</span> <span class='ocrx_word' id='word_1_212' title='bbox 795 2671 857 2735; x_wconf 90' lang='lat' dir='ltr'><strong>sed</strong></span> <span class='ocrx_word' id='word_1_213' title='bbox 870 2671 1100 2756; x_wconf 88' lang='lat' dir='ltr'><strong>quaerendum</strong></span> <span class='ocrx_word' id='word_1_214' title='bbox 1110 2679 1194 2756; x_wconf 89' lang='lat' dir='ltr'><strong>puto</strong></span> <span class='ocrx_word' id='word_1_215' title='bbox 1210 2683 1323 2738; x_wconf 88' lang='lat' dir='ltr'><strong>utrum</strong></span> <span class='ocrx_word' id='word_1_216' title='bbox 1339 2675 1397 2738; x_wconf 82' lang='lat' dir='ltr'><strong>ali-</strong></span> 
     </span>
     <span class='ocr_line' id='line_1_23' title="bbox 289 2768 1397 2853; baseline 0.003 -19"><span class='ocrx_word' id='word_1_217' title='bbox 289 2768 426 2853; x_wconf 88' lang='lat' dir='ltr'><strong>quando</strong></span> <span class='ocrx_word' id='word_1_218' title='bbox 449 2770 520 2832; x_wconf 73' lang='lat' dir='ltr'><strong>eleis</strong></span> <span class='ocrx_word' id='word_1_219' title='bbox 541 2768 683 2832; x_wconf 80' lang='lat' dir='ltr'><strong>dixerit.</strong></span> <span class='ocrx_word' id='word_1_220' title='bbox 708 2775 800 2832; x_wconf 89' lang='lat' dir='ltr'><strong>certe</strong></span> <span class='ocrx_word' id='word_1_221' title='bbox 814 2769 848 2833; x_wconf 92' lang='lat' dir='ltr'><strong>in</strong></span> <span class='ocrx_word' id='word_1_222' title='bbox 863 2769 1091 2834; x_wconf 86' lang='lat' dir='ltr'><strong>Menaechmis</strong></span> <span class='ocrx_word' id='word_1_223' title='bbox 1106 2793 1137 2850; x_wconf 89' lang='lat' dir='ltr'><strong>v,</strong></span> <span class='ocrx_word' id='word_1_224' title='bbox 1146 2770 1203 2846; x_wconf 87' lang='grc'><strong>6,7</strong></span> <span class='ocrx_word' id='word_1_225' title='bbox 1217 2771 1397 2837; x_wconf 85' lang='lat' dir='ltr'><strong>Bacchiaci</strong></span> 
     </span>
     <span class='ocr_line' id='line_1_24' title="bbox 288 2866 1399 2956; baseline -0.002 -26"><span class='ocrx_word' id='word_1_226' title='bbox 288 2868 413 2952; x_wconf 86' lang='lat' dir='ltr'><strong>optime</strong></span> <span class='ocrx_word' id='word_1_227' title='bbox 435 2866 644 2951; x_wconf 86' lang='lat' dir='ltr'><strong>procedunt,</strong></span> <span class='ocrx_word' id='word_1_228' title='bbox 672 2869 861 2932; x_wconf 59' lang='lat' dir='ltr'><strong>Recordare</strong></span> <span class='ocrx_word' id='word_1_229' title='bbox 881 2871 932 2941; x_wconf 77' lang='lat' dir='ltr'><strong>td,</strong></span> <span class='ocrx_word' id='word_1_230' title='bbox 961 2869 1018 2932; x_wconf 76' lang='lat' dir='ltr'><strong>citt</strong></span> <span class='ocrx_word' id='word_1_231' title='bbox 1038 2872 1092 2956; x_wconf 83' lang='lat' dir='ltr'><strong>qui</strong></span> <span class='ocrx_word' id='word_1_232' title='bbox 1112 2881 1199 2950; x_wconf 68' lang='lat' dir='ltr'><strong>suta,</strong></span> <span class='ocrx_word' id='word_1_233' title='bbox 1227 2873 1305 2956; x_wconf 76' lang='lat' dir='ltr'><strong>qnid</strong></span> <span class='ocrx_word' id='word_1_234' title='bbox 1329 2875 1399 2935; x_wconf 58' lang='lat' dir='ltr'><strong>eicit·</strong></span> 
     </span>
     <span class='ocr_line' id='line_1_25' title="bbox 292 2965 1398 3054; baseline 0.004 -25"><span class='ocrx_word' id='word_1_235' title='bbox 292 2967 373 3030; x_wconf 79' lang='lat' dir='ltr'><strong>Preti</strong></span> <span class='ocrx_word' id='word_1_236' title='bbox 393 2965 480 3030; x_wconf 82' lang='lat' dir='ltr'><strong>&#39;detur</strong></span> <span class='ocrx_word' id='word_1_237' title='bbox 502 2967 540 3030; x_wconf 83' lang='lat' dir='ltr'><strong>eb</strong></span> <span class='ocrx_word' id='word_1_238' title='bbox 560 2969 623 3030; x_wconf 78' lang='lat' dir='ltr'><strong>cuis</strong></span> <span class='ocrx_word' id='word_1_239' title='bbox 644 2968 720 3030; x_wconf 78' lang='lat' dir='ltr'><strong>eris.</strong></span> <span class='ocrx_word' id='word_1_240' title='bbox 742 2967 775 3030; x_wconf 88' lang='lat' dir='ltr'><strong>iu</strong></span> <span class='ocrx_word' id='word_1_241' title='bbox 795 2965 947 3051; x_wconf 86' lang='lat' dir='ltr'><strong>Captivis</strong></span> <span class='ocrx_word' id='word_1_242' title='bbox 968 2989 1002 3040; x_wconf 90' lang='lat'><strong>11,</strong></span> <span class='ocrx_word' id='word_1_243' title='bbox 1011 2966 1040 3040; x_wconf 87' lang='lat'><strong>2,</strong></span> <span class='ocrx_word' id='word_1_244' title='bbox 1050 2967 1090 3029; x_wconf 87' lang='lat'><strong>30</strong></span> <span class='ocrx_word' id='word_1_245' title='bbox 1113 2965 1291 3052; x_wconf 84' lang='lat' dir='ltr'><strong>legendum</strong></span> <span class='ocrx_word' id='word_1_246' title='bbox 1313 2979 1398 3054; x_wconf 88' lang='lat' dir='ltr'><strong>puto</strong></span> 
     </span>
     <span class='ocr_line' id='line_1_26' title="bbox 293 3065 1399 3152; baseline 0.002 -24"><span class='ocrx_word' id='word_1_247' title='bbox 293 3065 368 3128; x_wconf 78' lang='lat' dir='ltr'><strong>Tum</strong></span> <span class='ocrx_word' id='word_1_248' title='bbox 382 3066 475 3149; x_wconf 70' lang='lat' dir='ltr'><strong>iyitur</strong></span> <span class='ocrx_word' id='word_1_249' title='bbox 489 3067 517 3128; x_wconf 84' lang='lat' dir='ltr'><strong>ei</strong></span> <span class='ocrx_word' id='word_1_250' title='bbox 525 3114 533 3144; x_wconf 93' lang='lat'><strong>,</strong></span> <span class='ocrx_word' id='word_1_251' title='bbox 548 3089 639 3152; x_wconf 82' lang='lat' dir='ltr'><strong>quom</strong></span> <span class='ocrx_word' id='word_1_252' title='bbox 653 3066 685 3127; x_wconf 83' lang='lat' dir='ltr'><strong>in</strong></span> <span class='ocrx_word' id='word_1_253' title='bbox 700 3066 772 3128; x_wconf 81' lang='lat' dir='ltr'><strong>eicis</strong></span> <span class='ocrx_word' id='word_1_254' title='bbox 785 3075 868 3128; x_wconf 84' lang='lat' dir='ltr'><strong>tantu</strong></span> <span class='ocrx_word' id='word_1_255' title='bbox 879 3067 1010 3149; x_wconf 69' lang='lat' dir='ltr'><strong>qratiaet</strong></span> <span class='ocrx_word' id='word_1_256' title='bbox 1022 3076 1056 3128; x_wconf 77' lang='lat' dir='ltr'><strong>ut</strong></span> <span class='ocrx_word' id='word_1_257' title='bbox 1063 3067 1230 3150; x_wconf 80' lang='lat' dir='ltr'><strong>praedicas</strong></span> <span class='ocrx_word' id='word_1_258' title='bbox 1237 3113 1247 3145; x_wconf 90' lang='lat'><em>‚</em></span> <span class='ocrx_word' id='word_1_259' title='bbox 1267 3069 1326 3133; x_wconf 92' lang='lat' dir='ltr'><strong>ubi</strong></span> <span class='ocrx_word' id='word_1_260' title='bbox 1340 3089 1399 3130; x_wconf 87' lang='lat' dir='ltr'><strong>ve·</strong></span> 
     </span>
     <span class='ocr_line' id='line_1_27' title="bbox 289 3161 1399 3238; baseline 0.005 -14"><span class='ocrx_word' id='word_1_261' title='bbox 289 3171 342 3228; x_wconf 90' lang='lat' dir='ltr'><strong>tus</strong></span> <span class='ocrx_word' id='word_1_262' title='bbox 359 3164 469 3230; x_wconf 81' lang='lat' dir='ltr'><strong>codex</strong></span> <span class='ocrx_word' id='word_1_263' title='bbox 484 3164 588 3229; x_wconf 90' lang='lat' dir='ltr'><strong>habet</strong></span> <span class='ocrx_word' id='word_1_264' title='bbox 607 3166 639 3227; x_wconf 81' lang='lat' dir='ltr'><strong>iu</strong></span> <span class='ocrx_word' id='word_1_265' title='bbox 654 3166 745 3228; x_wconf 75' lang='lat' dir='ltr'><strong>eleis.</strong></span> <span class='ocrx_word' id='word_1_266' title='bbox 767 3162 892 3228; x_wconf 91' lang='lat' dir='ltr'><strong>ibidem</strong></span> <span class='ocrx_word' id='word_1_267' title='bbox 907 3185 954 3237; x_wconf 91' lang='lat'><strong>111,</strong></span> <span class='ocrx_word' id='word_1_268' title='bbox 964 3164 993 3238; x_wconf 88' lang='grc'><strong>4,</strong></span> <span class='ocrx_word' id='word_1_269' title='bbox 1002 3161 1059 3238; x_wconf 86' lang='grc'><strong>23,</strong></span> <span class='ocrx_word' id='word_1_270' title='bbox 1075 3164 1133 3229; x_wconf 89' lang='lat' dir='ltr'><strong>ubi</strong></span> <span class='ocrx_word' id='word_1_271' title='bbox 1146 3163 1277 3229; x_wconf 84' lang='lat' dir='ltr'><strong>Parcus</strong></span> <span class='ocrx_word' id='word_1_272' title='bbox 1290 3167 1326 3230; x_wconf 91' lang='lat' dir='ltr'><strong>in</strong></span> <span class='ocrx_word' id='word_1_273' title='bbox 1342 3189 1399 3230; x_wconf 83' lang='lat' dir='ltr'><strong>vc-</strong></span> 
     </span>
     <span class='ocr_line' id='line_1_28' title="bbox 288 3260 1400 3350; baseline 0.002 -24"><span class='ocrx_word' id='word_1_274' title='bbox 288 3271 359 3326; x_wconf 87' lang='lat' dir='ltr'><strong>tere</strong></span> <span class='ocrx_word' id='word_1_275' title='bbox 374 3265 424 3326; x_wconf 85' lang='lat' dir='ltr'><strong>liis</strong></span> <span class='ocrx_word' id='word_1_276' title='bbox 438 3261 492 3324; x_wconf 87' lang='lat' dir='ltr'><strong>vel</strong></span> <span class='ocrx_word' id='word_1_277' title='bbox 507 3262 553 3325; x_wconf 77' lang='lat' dir='ltr'><strong>liis</strong></span> <span class='ocrx_word' id='word_1_278' title='bbox 564 3284 639 3325; x_wconf 89' lang='lat' dir='ltr'><strong>esse</strong></span> <span class='ocrx_word' id='word_1_279' title='bbox 651 3262 750 3336; x_wconf 85' lang='lat' dir='ltr'><strong>(licit,</strong></span> <span class='ocrx_word' id='word_1_280' title='bbox 766 3261 927 3325; x_wconf 85' lang='lat' dir='ltr'><strong>credibile</strong></span> <span class='ocrx_word' id='word_1_281' title='bbox 939 3270 992 3326; x_wconf 87' lang='lat' dir='ltr'><strong>est</strong></span> <span class='ocrx_word' id='word_1_282' title='bbox 1002 3260 1106 3326; x_wconf 86' lang='lat' dir='ltr'><strong>fuisse</strong></span> <span class='ocrx_word' id='word_1_283' title='bbox 1122 3263 1237 3343; x_wconf 80' lang='lat' dir='ltr'><strong>Quibus</strong></span> <span class='ocrx_word' id='word_1_284' title='bbox 1247 3267 1400 3350; x_wconf 71' lang='lat' dir='ltr'><strong>inspecturi</strong></span> 
     </span>
     <span class='ocr_line' id='line_1_29' title="bbox 287 3359 1400 3446; baseline 0.003 -22"><span class='ocrx_word' id='word_1_285' title='bbox 287 3361 452 3446; x_wconf 70' lang='lat' dir='ltr'><strong>salutiferi!</strong></span> <span class='ocrx_word' id='word_1_286' title='bbox 465 3369 554 3444; x_wconf 79' lang='lat' dir='ltr'><strong>utque</strong></span> <span class='ocrx_word' id='word_1_287' title='bbox 568 3362 622 3422; x_wconf 79' lang='lat' dir='ltr'><strong>ciis</strong></span> <span class='ocrx_word' id='word_1_288' title='bbox 631 3361 765 3445; x_wconf 77' lang='lat' dir='ltr'><strong>profuit.</strong></span> <span class='ocrx_word' id='word_1_289' title='bbox 789 3359 935 3446; x_wconf 89' lang='lat' dir='ltr'><strong>denique</strong></span> <span class='ocrx_word' id='word_1_290' title='bbox 954 3361 1021 3424; x_wconf 79' lang='lat' dir='ltr'><strong>ibas</strong></span> <span class='ocrx_word' id='word_1_291' title='bbox 1041 3361 1154 3446; x_wconf 85' lang='lat' dir='ltr'><strong>priore</strong></span> <span class='ocrx_word' id='word_1_292' title='bbox 1172 3370 1332 3446; x_wconf 84' lang='lat' dir='ltr'><strong>correpta</strong></span> <span class='ocrx_word' id='word_1_293' title='bbox 1348 3375 1400 3427; x_wconf 88' lang='lat' dir='ltr'><strong>est</strong></span> 
     </span>
     <span class='ocr_line' id='line_1_30' title="bbox 288 3456 1400 3545; baseline 0.003 -24"><span class='ocrx_word' id='word_1_294' title='bbox 288 3459 321 3521; x_wconf 89' lang='lat' dir='ltr'><strong>in</strong></span> <span class='ocrx_word' id='word_1_295' title='bbox 337 3479 438 3522; x_wconf 89' lang='lat' dir='ltr'><strong>versu</strong></span> <span class='ocrx_word' id='word_1_296' title='bbox 454 3456 569 3520; x_wconf 86' lang='lat' dir='ltr'><strong>Titinii</strong></span> <span class='ocrx_word' id='word_1_297' title='bbox 583 3457 675 3542; x_wconf 86' lang='lat' dir='ltr'><strong>apud</strong></span> <span class='ocrx_word' id='word_1_298' title='bbox 690 3457 835 3522; x_wconf 88' lang='lat' dir='ltr'><strong>Nonium</strong></span> <span class='ocrx_word' id='word_1_299' title='bbox 850 3459 961 3545; x_wconf 60' lang='lat' dir='ltr'><strong>peso,</strong></span> <span class='ocrx_word' id='word_1_300' title='bbox 971 3459 1008 3522; x_wconf 89' lang='grc'><strong>17</strong></span> <span class='ocrx_word' id='word_1_301' title='bbox 1025 3459 1077 3523; x_wconf 82' lang='lat' dir='ltr'><strong>Eu</strong></span> <span class='ocrx_word' id='word_1_302' title='bbox 1091 3463 1207 3523; x_wconf 73' lang='lat' dir='ltr'><strong>eccistor</strong></span> <span class='ocrx_word' id='word_1_303' title='bbox 1220 3461 1248 3522; x_wconf 80' lang='lat' dir='ltr'><strong>si</strong></span> <span class='ocrx_word' id='word_1_304' title='bbox 1261 3467 1400 3524; x_wconf 72' lang='lat' dir='ltr'><strong>ettorrr&#39;tue</strong></span> 
     </span>
     <span class='ocr_line' id='line_1_31' title="bbox 289 3556 1401 3644; baseline 0.004 -27"><span class='ocrx_word' id='word_1_305' title='bbox 289 3558 353 3618; x_wconf 64' lang='lat' dir='ltr'><strong>sitis</strong></span> <span class='ocrx_word' id='word_1_306' title='bbox 367 3556 475 3619; x_wconf 79' lang='lat' dir='ltr'><strong>dtudue</strong></span> <span class='ocrx_word' id='word_1_307' title='bbox 490 3556 553 3620; x_wconf 75' lang='lat' dir='ltr'><strong>itc’</strong></span> <span class='ocrx_word' id='word_1_308' title='bbox 561 3580 621 3641; x_wconf 74' lang='lat' dir='ltr'><strong>pro</strong></span> <span class='ocrx_word' id='word_1_309' title='bbox 635 3567 669 3618; x_wconf 86' lang='lat' dir='ltr'><strong>ut</strong></span> <span class='ocrx_word' id='word_1_310' title='bbox 682 3580 735 3641; x_wconf 69' lang='lat' dir='ltr'><strong>egio</strong></span> <span class='ocrx_word' id='word_1_311' title='bbox 748 3559 900 3640; x_wconf 79' lang='lat' dir='ltr'><strong>moribtts;</strong></span> <span class='ocrx_word' id='word_1_312' title='bbox 915 3557 973 3621; x_wconf 88' lang='lat' dir='ltr'><strong>ubi</strong></span> <span class='ocrx_word' id='word_1_313' title='bbox 989 3557 1124 3622; x_wconf 86' lang='lat' dir='ltr'><strong>codices</strong></span> <span class='ocrx_word' id='word_1_314' title='bbox 1137 3569 1171 3620; x_wconf 82' lang='lat' dir='ltr'><strong>ut</strong></span> <span class='ocrx_word' id='word_1_315' title='bbox 1178 3579 1242 3642; x_wconf 73' lang='lat' dir='ltr'><strong>pro</strong></span> <span class='ocrx_word' id='word_1_316' title='bbox 1257 3581 1328 3643; x_wconf 68' lang='lat'><strong>090,</strong></span> <span class='ocrx_word' id='word_1_317' title='bbox 1338 3583 1401 3644; x_wconf 81' lang='lat' dir='ltr'><strong>pro</strong></span> 
     </span>
     <span class='ocr_line' id='line_1_32' title="bbox 289 3652 1399 3744; baseline 0.004 -28"><span class='ocrx_word' id='word_1_318' title='bbox 289 3664 321 3716; x_wconf 82' lang='lat' dir='ltr'><strong>ut</strong></span> <span class='ocrx_word' id='word_1_319' title='bbox 335 3676 388 3738; x_wconf 74' lang='lat'><strong>‘³9⁰</strong></span> <span class='ocrx_word' id='word_1_320' title='bbox 403 3652 616 3718; x_wconf 85' lang='lat' dir='ltr'><strong>Hermannus</strong></span> <span class='ocrx_word' id='word_1_321' title='bbox 631 3655 665 3718; x_wconf 91' lang='lat' dir='ltr'><strong>in</strong></span> <span class='ocrx_word' id='word_1_322' title='bbox 679 3655 866 3741; x_wconf 87' lang='lat' dir='ltr'><strong>opusculis,</strong></span> <span class='ocrx_word' id='word_1_323' title='bbox 882 3663 974 3721; x_wconf 89' lang='lat' dir='ltr'><strong>tomo</strong></span> <span class='ocrx_word' id='word_1_324' title='bbox 989 3679 1013 3718; x_wconf 82' lang='lat' dir='ltr'><strong>v</strong></span> <span class='ocrx_word' id='word_1_325' title='bbox 1026 3677 1058 3742; x_wconf 90' lang='lat' dir='ltr'><strong>p.</strong></span> <span class='ocrx_word' id='word_1_326' title='bbox 1068 3655 1146 3720; x_wconf 91' lang='grc'><strong>270.</strong></span> <span class='ocrx_word' id='word_1_327' title='bbox 1162 3657 1228 3719; x_wconf 82' lang='lat' dir='ltr'><strong>ibus</strong></span> <span class='ocrx_word' id='word_1_328' title='bbox 1243 3659 1399 3744; x_wconf 85' lang='lat' dir='ltr'><strong>ambigue</strong></span> 
     </span>
     <span class='ocr_line' id='line_1_33' title="bbox 290 3751 1400 3841; baseline 0.007 -27"><span class='ocrx_word' id='word_1_329' title='bbox 290 3752 478 3836; x_wconf 85' lang='lat' dir='ltr'><strong>quantitate</strong></span> <span class='ocrx_word' id='word_1_330' title='bbox 494 3773 535 3816; x_wconf 83' lang='lat' dir='ltr'><strong>ex</strong></span> <span class='ocrx_word' id='word_1_331' title='bbox 547 3751 733 3837; x_wconf 88' lang='lat' dir='ltr'><strong>Pomponio</strong></span> <span class='ocrx_word' id='word_1_332' title='bbox 748 3753 889 3830; x_wconf 87' lang='lat' dir='ltr'><strong>ibidem,</strong></span> <span class='ocrx_word' id='word_1_333' title='bbox 905 3755 1000 3818; x_wconf 78' lang='grc' dir='ltr'><strong>Νιιιιο</strong></span> <span class='ocrx_word' id='word_1_334' title='bbox 1013 3755 1135 3841; x_wconf 77' lang='lat' dir='ltr'><strong>quando</strong></span> <span class='ocrx_word' id='word_1_335' title='bbox 1148 3755 1400 3841; x_wconf 74' lang='lat' dir='ltr'><strong>volcietifucere.</strong></span> 
     </span>
     <span class='ocr_line' id='line_1_34' title="bbox 281 3850 1400 3939; baseline 0.004 -26"><span class='ocrx_word' id='word_1_336' title='bbox 281 3850 341 3936; x_wconf 82' lang='lat' dir='ltr'><strong>sac</strong></span> <span class='ocrx_word' id='word_1_337' title='bbox 354 3852 499 3936; x_wconf 81' lang='lat' dir='ltr'><strong>uoluptati</strong></span> <span class='ocrx_word' id='word_1_338' title='bbox 518 3853 575 3914; x_wconf 83' lang='lat' dir='ltr'><strong>sice</strong></span> <span class='ocrx_word' id='word_1_339' title='bbox 595 3850 668 3915; x_wconf 80' lang='lat' dir='ltr'><strong>Ibus</strong></span> <span class='ocrx_word' id='word_1_340' title='bbox 687 3852 742 3915; x_wconf 88' lang='lat' dir='ltr'><strong>vel</strong></span> <span class='ocrx_word' id='word_1_341' title='bbox 762 3855 803 3915; x_wconf 82' lang='lat' dir='ltr'><strong>sis</strong></span> <span class='ocrx_word' id='word_1_342' title='bbox 823 3853 905 3932; x_wconf 80' lang='lat' dir='ltr'><strong>ibas,</strong></span> <span class='ocrx_word' id='word_1_343' title='bbox 927 3853 1009 3916; x_wconf 89' lang='lat' dir='ltr'><strong>etin</strong></span> <span class='ocrx_word' id='word_1_344' title='bbox 1023 3859 1222 3939; x_wconf 85' lang='lat' dir='ltr'><strong>argumento</strong></span> <span class='ocrx_word' id='word_1_345' title='bbox 1239 3852 1400 3938; x_wconf 86' lang='lat' dir='ltr'><strong>Captivo-</strong></span> 
     </span>
     <span class='ocr_line' id='line_1_35' title="bbox 289 3949 1401 4040; baseline 0.003 -31"><span class='ocrx_word' id='word_1_346' title='bbox 289 3969 379 4020; x_wconf 90' lang='lat' dir='ltr'><strong>rum,</strong></span> <span class='ocrx_word' id='word_1_347' title='bbox 403 3949 570 4014; x_wconf 70' lang='lat' dir='ltr'><strong>Bituitus</strong></span> <span class='ocrx_word' id='word_1_348' title='bbox 586 3952 656 4014; x_wconf 84' lang='lat' dir='ltr'><strong>emit</strong></span> <span class='ocrx_word' id='word_1_349' title='bbox 669 3951 741 4013; x_wconf 85' lang='lat' dir='ltr'><strong>olim</strong></span> <span class='ocrx_word' id='word_1_350' title='bbox 755 3951 1026 4040; x_wconf 80' lang='lat' dir='ltr'><strong>emiseumfillum.</strong></span> <span class='ocrx_word' id='word_1_351' title='bbox 1048 3951 1162 4036; x_wconf 87' lang='lat' dir='ltr'><strong>priore</strong></span> <span class='ocrx_word' id='word_1_352' title='bbox 1181 3951 1353 4034; x_wconf 86' lang='lat' dir='ltr'><strong>producta</strong></span> <span class='ocrx_word' id='word_1_353' title='bbox 1368 3953 1401 4014; x_wconf 90' lang='lat' dir='ltr'><strong>in</strong></span> 
     </span>
     <span class='ocr_line' id='line_1_36' title="bbox 290 4045 1402 4134; baseline 0.003 -27"><span class='ocrx_word' id='word_1_354' title='bbox 290 4045 490 4108; x_wconf 83' lang='lat' dir='ltr'><strong>Curculione</strong></span> <span class='ocrx_word' id='word_1_355' title='bbox 506 4069 549 4120; x_wconf 87' lang='grc' dir='ltr'><strong>ιν,</strong></span> <span class='ocrx_word' id='word_1_356' title='bbox 558 4047 587 4121; x_wconf 90' lang='grc'><strong>2,</strong></span> <span class='ocrx_word' id='word_1_357' title='bbox 597 4047 637 4110; x_wconf 91' lang='grc'><strong>20</strong></span> <span class='ocrx_word' id='word_1_358' title='bbox 653 4048 770 4112; x_wconf 82' lang='lat' dir='ltr'><strong>Eodem</strong></span> <span class='ocrx_word' id='word_1_359' title='bbox 784 4048 883 4112; x_wconf 80' lang='lat' dir='ltr'><strong>lierolc</strong></span> <span class='ocrx_word' id='word_1_360' title='bbox 903 4073 952 4113; x_wconf 83' lang='lat' dir='ltr'><strong>cos</strong></span> <span class='ocrx_word' id='word_1_361' title='bbox 966 4073 1050 4134; x_wconf 77' lang='lat' dir='ltr'><strong>potio</strong></span> <span class='ocrx_word' id='word_1_362' title='bbox 1070 4060 1098 4112; x_wconf 85' lang='lat' dir='ltr'><strong>et</strong></span> <span class='ocrx_word' id='word_1_363' title='bbox 1111 4071 1213 4134; x_wconf 79' lang='lat' dir='ltr'><strong>puro:</strong></span> <span class='ocrx_word' id='word_1_364' title='bbox 1229 4051 1402 4133; x_wconf 69' lang='lat' dir='ltr'><strong>parissimi</strong></span> 
     </span>
     <span class='ocr_line' id='line_1_37' title="bbox 290 4141 1401 4234; baseline 0.009 -33"><span class='ocrx_word' id='word_1_365' title='bbox 290 4142 357 4202; x_wconf 79' lang='lat' dir='ltr'><strong>cetis</strong></span> <span class='ocrx_word' id='word_1_366' title='bbox 378 4141 479 4218; x_wconf 77' lang='lat' dir='ltr'><strong>itibus,</strong></span> <span class='ocrx_word' id='word_1_367' title='bbox 500 4142 534 4205; x_wconf 91' lang='lat' dir='ltr'><strong>in</strong></span> <span class='ocrx_word' id='word_1_368' title='bbox 555 4144 662 4208; x_wconf 88' lang='lat' dir='ltr'><strong>Milite</strong></span> <span class='ocrx_word' id='word_1_369' title='bbox 678 4169 699 4220; x_wconf 92' lang='lat'><strong>1,</strong></span> <span class='ocrx_word' id='word_1_370' title='bbox 713 4145 786 4219; x_wconf 81' lang='grc'><strong>1,74</strong></span> <span class='ocrx_word' id='word_1_371' title='bbox 808 4145 971 4225; x_wconf 79' lang='lat' dir='ltr'><strong>Latronis,</strong></span> <span class='ocrx_word' id='word_1_372' title='bbox 991 4147 1057 4211; x_wconf 80' lang='lat' dir='ltr'><strong>ides</strong></span> <span class='ocrx_word' id='word_1_373' title='bbox 1078 4148 1270 4211; x_wconf 70' lang='grc' dir='ltr'><strong>ἀιηιιιηενιιιι</strong></span> <span class='ocrx_word' id='word_1_374' title='bbox 1290 4151 1401 4234; x_wconf 69' lang='lat' dir='ltr'><strong>stipent·</strong></span> 
     </span>
     <span class='ocr_line' id='line_1_38' title="bbox 290 4239 1402 4330; baseline 0.008 -31"><span class='ocrx_word' id='word_1_375' title='bbox 290 4240 374 4300; x_wconf 76' lang='lat' dir='ltr'><strong>(littra</strong></span> <span class='ocrx_word' id='word_1_376' title='bbox 382 4287 391 4318; x_wconf 87' lang='lat'><em>‚</em></span> <span class='ocrx_word' id='word_1_377' title='bbox 406 4239 439 4301; x_wconf 93' lang='lat' dir='ltr'><strong>in</strong></span> <span class='ocrx_word' id='word_1_378' title='bbox 451 4239 659 4306; x_wconf 82' lang='lat' dir='ltr'><strong>Truculento</strong></span> <span class='ocrx_word' id='word_1_379' title='bbox 676 4242 735 4318; x_wconf 81' lang='grc' dir='ltr'><strong>ι,2,</strong></span> <span class='ocrx_word' id='word_1_380' title='bbox 748 4243 783 4305; x_wconf 88' lang='grc'><strong>17</strong></span> <span class='ocrx_word' id='word_1_381' title='bbox 798 4241 873 4306; x_wconf 79' lang='lat' dir='ltr'><strong>Ibis-t</strong></span> <span class='ocrx_word' id='word_1_382' title='bbox 888 4246 952 4307; x_wconf 67' lang='lat' dir='ltr'><strong>totu</strong></span> <span class='ocrx_word' id='word_1_383' title='bbox 961 4249 1086 4330; x_wconf 70' lang='lat' dir='ltr'><strong>pthnuc</strong></span> <span class='ocrx_word' id='word_1_384' title='bbox 1100 4257 1128 4308; x_wconf 83' lang='lat' dir='ltr'><strong>et</strong></span> <span class='ocrx_word' id='word_1_385' title='bbox 1142 4247 1244 4308; x_wconf 76' lang='lat' dir='ltr'><strong>virtiti</strong></span> <span class='ocrx_word' id='word_1_386' title='bbox 1258 4246 1296 4308; x_wconf 81' lang='lat' dir='ltr'><strong>dc</strong></span> <span class='ocrx_word' id='word_1_387' title='bbox 1305 4251 1402 4330; x_wconf 76' lang='lat' dir='ltr'><strong>prde-</strong></span> 
     </span>
     <span class='ocr_line' id='line_1_39' title="bbox 289 4336 1404 4425; baseline 0.004 -24"><span class='ocrx_word' id='word_1_388' title='bbox 289 4336 415 4401; x_wconf 76' lang='lat' dir='ltr'><strong>doaibtis</strong></span> <span class='ocrx_word' id='word_1_389' title='bbox 425 4339 578 4420; x_wconf 68' lang='lat' dir='ltr'><strong>periodum</strong></span> <span class='ocrx_word' id='word_1_390' title='bbox 593 4346 716 4425; x_wconf 72' lang='lat' dir='ltr'><strong>ccipere.</strong></span> <span class='ocrx_word' id='word_1_391' title='bbox 740 4341 774 4403; x_wconf 91' lang='lat' dir='ltr'><strong>in</strong></span> <span class='ocrx_word' id='word_1_392' title='bbox 788 4339 911 4425; x_wconf 80' lang='lat' dir='ltr'><strong>glossis</strong></span> <span class='ocrx_word' id='word_1_393' title='bbox 926 4341 1073 4417; x_wconf 84' lang='lat' dir='ltr'><strong>Placidi,</strong></span> <span class='ocrx_word' id='word_1_394' title='bbox 1093 4344 1127 4406; x_wconf 95' lang='lat' dir='ltr'><strong>iu</strong></span> <span class='ocrx_word' id='word_1_395' title='bbox 1149 4341 1301 4406; x_wconf 86' lang='lat' dir='ltr'><strong>classicis</strong></span> <span class='ocrx_word' id='word_1_396' title='bbox 1324 4365 1404 4407; x_wconf 85' lang='lat' dir='ltr'><strong>auc-</strong></span> 
     </span>
     <span class='ocr_line' id='line_1_40' title="bbox 291 4434 1405 4525; baseline 0.008 -29"><span class='ocrx_word' id='word_1_397' title='bbox 291 4434 421 4498; x_wconf 88' lang='lat' dir='ltr'><strong>toribus</strong></span> <span class='ocrx_word' id='word_1_398' title='bbox 433 4435 529 4510; x_wconf 83' lang='lat' dir='ltr'><strong>Maii,</strong></span> <span class='ocrx_word' id='word_1_399' title='bbox 542 4443 634 4501; x_wconf 88' lang='lat' dir='ltr'><strong>tomo</strong></span> <span class='ocrx_word' id='word_1_400' title='bbox 646 4462 684 4502; x_wconf 88' lang='grc' dir='ltr'><strong>ιιι</strong></span> <span class='ocrx_word' id='word_1_401' title='bbox 696 4438 799 4522; x_wconf 67' lang='lat' dir='ltr'><strong>ulls)</strong></span> <span class='ocrx_word' id='word_1_402' title='bbox 816 4446 849 4502; x_wconf 88' lang='lat' dir='ltr'><strong>et</strong></span> <span class='ocrx_word' id='word_1_403' title='bbox 862 4440 898 4502; x_wconf 92' lang='lat' dir='ltr'><strong>iu</strong></span> <span class='ocrx_word' id='word_1_404' title='bbox 911 4463 987 4525; x_wconf 76' lang='lat' dir='ltr'><strong>vrp.</strong></span> <span class='ocrx_word' id='word_1_405' title='bbox 998 4441 1075 4515; x_wconf 81' lang='lat'><strong>565,</strong></span> <span class='ocrx_word' id='word_1_406' title='bbox 1088 4437 1214 4520; x_wconf 72' lang='lat' dir='ltr'><strong>Idaliis,</strong></span> <span class='ocrx_word' id='word_1_407' title='bbox 1226 4443 1315 4505; x_wconf 78' lang='lat' dir='ltr'><strong>idest</strong></span> <span class='ocrx_word' id='word_1_408' title='bbox 1328 4443 1405 4505; x_wconf 67' lang='lat' dir='ltr'><strong>itus:</strong></span> 
     </span>
     <span class='ocr_line' id='line_1_41' title="bbox 290 4531 911 4616; baseline 0.01 -22"><span class='ocrx_word' id='word_1_409' title='bbox 290 4531 467 4616; x_wconf 81' lang='lat' dir='ltr'><strong>legendum</strong></span> <span class='ocrx_word' id='word_1_410' title='bbox 484 4543 535 4598; x_wconf 87' lang='lat' dir='ltr'><strong>est</strong></span> <span class='ocrx_word' id='word_1_411' title='bbox 552 4537 639 4612; x_wconf 58' lang='lat' dir='ltr'><strong>ltin,</strong></span> <span class='ocrx_word' id='word_1_412' title='bbox 655 4537 716 4606; x_wconf 75' lang='lat' dir='ltr'><strong>liis,</strong></span> <span class='ocrx_word' id='word_1_413' title='bbox 731 4538 821 4601; x_wconf 80' lang='lat' dir='ltr'><strong>idest</strong></span> <span class='ocrx_word' id='word_1_414' title='bbox 836 4539 911 4601; x_wconf 82' lang='lat' dir='ltr'><strong>illis.</strong></span> 
     </span>
    </p>
   </div>
   <div class='ocr_carea' id='block_1_5' title="bbox 0 0 1503 5188">
    <p class='ocr_par' dir='ltr' id='par_1_5' title="bbox 0 0 1503 5188">
     <span class='ocr_line' id='line_1_42' title="bbox 0 0 1503 5188; baseline 0 0"><span class='ocrx_word' id='word_1_415' title='bbox 0 0 1503 5188; x_wconf 95' lang='lat' dir='ltr'><strong> </strong></span> 
     </span>
    </p>
   </div>
  </div>
 </body>
</html>
