2970 5268
613 515 676 582 llll

6 769 7 780 ἶ
77 699 106 753 et
122 710 191 776 quo
208 708 353 773 eumque
370 689 487 753 oeulos
503 689 693 754 traiecimus
708 689 818 752 omnia
831 689 910 754 ferri

6 781 7 808 ³
28 823 58 864 us
78 811 108 867 et
122 803 229 868 fluere
245 801 389 868 adsimili
403 802 501 867 nobis
516 803 645 868 ratione
660 801 831 867 videntur.

76 919 224 1004 porticus
241 916 373 1002 aequali
387 918 540 1002 quemvis
556 924 607 982 est
622 916 766 1003 denique
782 917 884 984 ductu

6 1095 7 1110 ,
76 1041 237 1116 stansque
253 1031 288 1094 in
303 1039 501 1118 perpetuum
517 1033 653 1118 paribus
669 1031 803 1096 suffulta
818 1033 991 1103 columnis,

76 1147 170 1232 longa
186 1154 302 1210 tamen
316 1154 412 1232 perte
428 1147 470 1210 eb
486 1168 613 1211 summa
627 1157 700 1211 eum
716 1155 789 1211 tota
803 1145 951 1222 videtur}

75 1261 233 1347 paulatim
248 1261 353 1325 trahit
367 1261 499 1347 angusti
514 1260 647 1347 fastigia
662 1263 751 1336 coni,

27 1392 57 1432 uu
75 1383 162 1439 tecta
177 1374 257 1439 solo
271 1375 412 1460 iungens
427 1383 529 1460 etque
545 1377 655 1440 omnia
669 1374 809 1440 dextera
823 1376 929 1440 laevis

75 1489 182 1555 donec
196 1490 232 1553 in
248 1489 428 1554 obscurum
444 1491 519 1554 eoni
534 1489 697 1555 conduxit
711 1512 867 1555 acumen.

75 1605 105 1667 in
119 1605 245 1690 pelago
261 1605 372 1669 nautis
387 1625 429 1668 ex
442 1604 543 1670 undis
558 1613 654 1670 ortus
669 1606 701 1670 in
718 1605 817 1670 undis

77 1719 125 1782 sol
139 1719 181 1783 fit
195 1718 245 1782 uti
259 1717 414 1785 videatur
429 1721 523 1784 obire
539 1729 572 1783 et
588 1718 733 1785 condere
750 1721 874 1792 lumen:

77 1835 202 1919 quippe
217 1833 275 1897 ubi
289 1834 337 1897 nil
352 1833 440 1898 aliud
456 1835 519 1900 nisi
533 1857 653 1922 aquam
669 1835 862 1921 caelumque
878 1847 1028 1916 tuentur3

29 1964 57 2003 :s
76 1969 113 2011 ne
129 1948 252 2012 leviter
267 1947 388 2012 credas
403 1949 597 2014 labefactari
612 1948 759 2034 undique
774 1972 906 2014 sensus.

77 2071 110 2126 st
125 2063 229 2126 maris
243 2062 368 2148 ignaris
382 2063 415 2126 in
433 2075 531 2148 portu
547 2063 667 2128 clauda
681 2063 838 2128 videntur

76 2177 211 2261 navigia
226 2175 385 2263 aplustris
400 2176 516 2243 fractis
531 2179 674 2244 obnitier
688 2178 812 2244 undae.

77 2313 153 2354 nam
171 2312 412 2378 quaecumque
428 2315 530 2380 supra
544 2295 654 2357 rerem
670 2295 748 2358 salis
764 2293 854 2358 edite
869 2314 948 2380 pars
964 2307 1017 2358 est

78 2427 263 2480 remorum,
274 2417 368 2470 reete
383 2415 452 2482 est,
465 2417 499 2471 et
513 2417 605 2472 reeta
619 2429 764 2494 superne
779 2408 944 2494 guberna:

27 2539 58 2578 u>
77 2541 165 2606 quae
180 2519 333 2584 demersa
347 2521 507 2606 liquorem
524 2523 665 2598 obeunt,
677 2523 822 2588 refracta
836 2523 993 2589 videntur

78 2635 190 2698 omnia
204 2636 355 2700 converti
370 2659 569 2723 sursumque
584 2639 703 2723 supina¹
717 2641 839 2703 reverti
934 2635 939 2648 ’

81 2759 113 2812 et
128 2748 254 2814 reflexa
267 2772 375 2836 prope
390 2752 424 2814 in
440 2775 566 2816 summo
581 2752 711 2818 fluitare
725 2753 873 2839 liquore.

82 2885 224 2949 ruraque
238 2885 299 2950 per
314 2865 440 2929 eaelum
456 2888 529 2930 eum
545 2866 635 2931 venti
650 2867 765 2932 nubila
778 2877 916 2954 portant

7 3021 8 3048 l
80 2989 231 3064 tempore
244 2988 410 3044 nocturno
421 3030 428 3056 ‚
440 2990 509 3046 turn
526 2979 706 3066 splendide
720 2981 815 3066 signa
828 2965 986 3044 videntur

31 3107 61 3148 ⁴2³
82 3091 186 3157 labier
202 3092 380 3158 adversum
394 3095 525 3158 nimbos
540 3101 640 3178 atque
655 3093 703 3156 ire
719 3115 863 3180 superne

82 3205 178 3293 longe
194 3207 290 3272 aliam
303 3209 338 3272 in
351 3215 479 3295 partem
495 3228 535 3271 ae
550 3228 629 3272 vere
643 3207 773 3272 ratione
787 3208 955 3272 feruntur.

82 3331 116 3385 st
129 3322 157 3385 si
171 3321 260 3388 forte
275 3322 373 3387 oculo
388 3343 505 3386 manus
520 3321 576 3385 uni
591 3321 726 3387 subdite
741 3331 858 3410 supter

83 3437 204 3520 pressit
219 3459 310 3514 eum,
322 3435 468 3523 quodam
483 3459 584 3502 sensu
598 3437 636 3503 fit
650 3438 700 3503 uti
715 3437 895 3504 videantur

7 3555 9 3604 l
84 3552 207 3628 omnia,
220 3573 307 3638 quae
322 3551 461 3626 tuimur,
472 3553 542 3617 fieri
557 3563 627 3618 tum
642 3553 720 3617 bina
735 3552 876 3621 tuendo.

31 3679 63 3721 ⁴³0
81 3665 157 3730 bina
169 3667 381 3732 lucernarum
395 3666 549 3732 florentia
562 3668 685 3732 lumine
699 3667 852 3742 flammis,

83 3781 223 3868 binaque
237 3803 299 3868 per
312 3789 403 3845 totas
418 3778 512 3846 aedis
527 3781 695 3866 geminare
709 3780 877 3867 supellex,

8 3909 10 3968 l
84 3905 115 3958 et
129 3894 270 3982 duplicis
284 3895 454 3960 hominum
468 3895 571 3960 facies
588 3903 622 3959 et
636 3916 781 3981 corpora
794 3897 887 3960 bina.

85 4007 226 4097 denique
242 4031 317 4076 eum
332 4011 426 4076 suevi
443 4009 594 4074 devinxit
608 4009 755 4073 membra
770 4031 893 4095 sopore

85 4147 216 4191 somnus
232 4135 267 4189 et
280 4126 314 4188 in
329 4147 457 4190 summe
471 4147 595 4210 eorpus
611 4124 698 4188 iacet
713 4145 809 4186 omne
826 4123 953 4208 quiete.

1140 516 1208 584 129

8 4375 9 4378 Ἴ
86 4410 130 4456 429
149 4406 242 4476 cogni.
270 4407 281 4472 ll
308 4409 356 4457 436
378 4403 401 4459 Α
429 4404 440 4474 ΙΙ
467 4409 515 4457 437
535 4404 619 4458 factes
646 4405 657 4473 ΙΙ
684 4403 781 4456 undas.
808 4405 818 4472 ΙΙ
846 4411 895 4458 440
914 4404 1015 4476 liquore
1042 4405 1052 4470 ll
1080 4407 1129 4454 446
1147 4417 1214 4470 uque

86 4489 184 4544 ratione
202 4491 212 4560 ll
232 4495 282 4542 448
301 4497 330 4541 ut
349 4489 359 4556 ll
377 4493 426 4540 453
445 4505 493 4542 sur
512 4487 585 4542 videt
603 4489 686 4542 vinxit

992 4587 1011 4648 9
