2946 5188
631 499 646 566 Ι

76 673 240 761 principiis
254 694 365 738 rerum
381 672 524 756 spatium
538 680 738 758 tempusque
751 672 841 759 fugai
930 675 931 680 ’

76 788 197 872 ldrgiri‚
208 797 247 852 ut
262 788 393 874 possint
408 809 428 851 a
443 795 541 851 coetu
556 787 661 852 libere
674 787 769 851 ferri.

76 921 172 986 quere
187 903 285 965 etism
301 911 403 987 atque
419 901 516 966 etiem
531 902 675 966 suboriri
690 902 792 966 mults
805 913 993 977 necessest,

20 1035 63 1078 cco
77 1025 105 1080 ct
119 1027 228 1080 umen
241 1023 280 1079 ut
293 1015 413 1101 plagae
428 1037 564 1101 quoque
579 1017 711 1103 possint
725 1025 906 1102 suppetere
918 1019 1028 1104 ipsse,

72 1129 188 1194 infinita
203 1152 290 1216 opus
306 1138 359 1194 est
371 1132 423 1195 vis
439 1129 587 1216 undique
602 1131 767 1194 materiei.

109 1243 240 1308 illudio
255 1244 308 1308 his
322 1246 424 1310 rebus
438 1246 537 1331 longe
551 1245 630 1330 fuge
646 1243 784 1310 credere
794 1293 803 1322 ,
814 1245 962 1316 Memmi,

75 1360 103 1421 in
116 1359 256 1424 medinm
273 1381 417 1424 summae
433 1358 526 1445 quod
541 1359 657 1424 dicunt
671 1360 782 1423 omnis
794 1359 869 1434 niti,

76 1481 168 1558 atque
182 1473 259 1538 ideo
275 1473 389 1538 mundi
403 1481 556 1538 naturam
572 1481 663 1539 staro
678 1475 749 1538 sine
763 1474 839 1538 ullis

20 1603 65 1646 uos
77 1588 185 1652 ictibus
201 1589 348 1652 externis
363 1609 472 1674 neque
488 1609 657 1673 quoquam
672 1609 774 1674 posse
789 1588 913 1652 resolvi

77 1724 191 1766 summa
204 1711 309 1787 atque
323 1703 403 1778 ima,
416 1701 508 1789 quod
522 1703 556 1766 in
569 1701 713 1767 medium
728 1703 796 1766 sint
810 1703 921 1766 omnia
935 1703 1025 1776 nixu

76 1816 172 1900 ipsum
186 1817 214 1880 si
230 1817 408 1901 quicquam
424 1817 573 1905 possein
588 1837 625 1881 se
639 1817 758 1880 sistere
774 1815 899 1891 credis,

78 1939 105 1992 et
117 1953 197 2015 quae
210 1930 366 2017 pondera
380 1939 459 1995 sunt
473 1933 537 1996 sub
552 1931 650 1996 terris
666 1932 776 1994 omniu
790 1953 921 1994 sursum

79 2043 162 2108 nitier
174 2045 208 2109 in
224 2053 383 2130 terreque
398 2053 490 2110 retro
505 2046 716 2130 requiescere
731 2052 847 2130 posta.

23 2169 66 2216 100
77 2167 108 2220 ut
120 2181 174 2244 per
188 2181 295 2245 squas
311 2181 396 2244 quse
411 2181 500 2224 nunc
514 2181 622 2223 rerum
639 2160 813 2223 simulacre
827 2158 994 2232 videmus,

79 2270 202 2337 adsimili
215 2275 348 2338 ratione
363 2275 515 2338 animalia
528 2293 637 2358 suppa
650 2273 765 2356 vagari

80 2386 289 2462 contendunt,
300 2409 410 2473 neque
424 2409 526 2473 posse
541 2409 559 2450 e
574 2386 673 2451 terris
687 2386 721 2448 in
736 2386 811 2450 loos
825 2387 907 2449 caeli

81 2500 230 2565 reccidere
246 2501 406 2566 inferiore
420 2503 524 2588 magis
540 2523 639 2586 quem
655 2522 800 2588 corpore
813 2507 931 2565 nostre

81 2623 184 2697 sponte
199 2637 261 2680 sua
276 2616 408 2702 possint
422 2617 455 2680 in
471 2617 552 2680 caeli
567 2617 691 2701 temple
705 2617 835 2680 volare:
959 2595 964 2600 ⁵

30 2737 71 2782 rus
83 2725 119 2788 illi
131 2749 197 2793 cum
211 2729 354 2793 rideant
369 2731 470 2794 solem
480 2779 488 2805 ,
500 2751 564 2794 nos
579 2730 692 2795 sidere
705 2731 815 2796 noctis

81 2860 214 2920 cernere,
225 2853 262 2909 et
277 2845 415 2910 alternis
429 2847 602 2910 nobiscum
618 2853 770 2931 tempore
785 2845 867 2909 caeli

83 2951 212 3021 dividere
227 2965 263 3023 et
278 2966 396 3022 noctes
411 2959 524 3044 parilis
539 2961 666 3044 agitare
681 2959 814 3023 diebus.

82 3067 131 3131 sed
143 3091 244 3136 vanus
260 3071 392 3136 stolidis
406 3073 492 3136 haec

82 3183 204 3269 amplexi
218 3186 316 3273 quod
329 3187 457 3252 hebent
469 3192 554 3271 pc'rv

32 3303 72 3352 11ῖο
84 3315 144 3360 nem
156 3299 298 3365 medium
312 3301 358 3364 nil
373 3323 446 3366 esse
461 3307 576 3388 potest

84 3407 330 3501 infimumque
345 3415 477 3480 omnino
487 3465 495 3490 ‚
507 3415 537 3479 si
549 3415 614 3480 iem
628 3410 772 3478 medium
787 3412 846 3486 sit,

84 3527 171 3604 possit
184 3530 228 3594 ibi
244 3530 423 3616 quicquum
439 3529 623 3594 consistere

84 3655 164 3718 quam
178 3645 296 3728 quevis
312 3644 375 3710 elio
391 3644 490 3728 longe
505 3643 635 3708 ratione

84 3754 172 3818 omnis
186 3757 271 3820 enim
286 3756 381 3820 locus
392 3779 431 3821 nc
446 3757 606 3842 spatium,
618 3754 711 3840 quod
727 3755 825 3818 inens
840 3773 1014 3826 vocamus,

36 3867 72 3916 111
83 3883 130 3944 per
142 3868 280 3958 medium
290 3920 298 3945 ‚
310 3891 371 3955 per
385 3891 452 3936 uon
467 3868 626 3944 medium,
639 3867 824 3934 concedere
840 3867 942 3932 debet
972 3925 976 3934 .

85 3995 171 4063 aeque
184 3982 408 4069 ponderibus,
419 3992 529 4048 mettis
545 4004 612 4069 qna
628 4005 769 4068 cumque
783 3983 951 4047 feruntur.

97 4177 264 4193 Ἦ·-

89 4291 138 4341 1017
160 4291 320 4367 Principium
347 4297 357 4364 11
387 4301 448 4349 1001
478 4295 515 4349 Et
540 4293 617 4348 simili
644 4295 654 4365 11
683 4299 747 4346 1000
774 4293 889 4348 stollidis
917 4294 927 4364 11
958 4299 1018 4346 1071
1045 4291 1158 4361 denique
1182 4293 1192 4358 11

87 4369 180 4427 medinm
196 4379 231 4432 sit
249 4386 357 4434 emim.
376 4378 387 4448 11
418 4383 482 4432 1073
501 4378 551 4430 slis
573 4376 582 4445 11
611 4383 674 4430 1071
693 4375 764 4446 quod
782 4377 822 4430 in.
847 4375 858 4445 11
880 4393 1005 4428 vocemus
1024 4383 1156 4428 cinosam·
1180 4369 1190 4436 1Ι

90 4455 139 4505 1075
155 4456 382 4516 debet'oms'ssum.
403 4461 412 4530 11
434 4467 497 4514 1070
516 4460 617 4530 Aequis
