2970 5268
612 467 675 536 1111

86 642 125 702 cni
137 639 279 704 Veneris
294 640 460 705 membris
475 641 525 704 vis
540 640 693 705 omnibus
709 642 891 708 exoriatur:

84 776 179 839 nempe
194 756 285 818 aliae
303 775 447 842 quoque
462 763 557 818 sunt:
568 776 688 839 nempe
702 755 766 818 hac
781 757 851 821 sine
865 759 1007 822 viximus
1022 767 1113 825 ante:

83 889 178 956 nempe
194 868 326 934 eadem
344 869 440 944 feeit,
453 878 487 934 et
501 870 622 934 seimus
636 868 765 945 facere,
776 873 886 935 omnia
899 875 1005 958 turpi,

57 998 71 1037 7³
81 994 103 1044 et
114 985 268 1048 miseram
286 985 413 1048 taetris
428 1006 465 1048 se
478 983 570 1048 suffit
585 981 746 1048 odoribus
760 985 850 1070 ipsa,

82 1119 160 1179 quem
173 1098 334 1162 famulae
347 1099 447 1184 longe
461 1098 606 1185 fugitant
619 1097 799 1183 furtimque
815 1101 1031 1168 cachinnant.

80 1224 104 1271 at
114 1210 297 1276 lacrimans
315 1212 474 1277 exclusus
489 1224 618 1278 amator
632 1212 743 1276 limina
758 1233 859 1299 saepe

82 1323 201 1390 floribus
218 1335 257 1391 et
273 1329 384 1392 sertis
399 1328 507 1414 operit
521 1327 696 1414 postisque
711 1329 877 1413 superbos

79 1440 178 1524 unguit
192 1443 399 1508 amaracino
414 1451 448 1507 et
460 1442 589 1506 foribus
603 1442 703 1506 miser
718 1443 833 1507 oscula
846 1444 930 1530 figit:

80 1573 161 1634 quem
175 1556 205 1619 si
220 1557 296 1620 iam
314 1559 469 1621 ammisso
485 1558 672 1620 venientem
687 1555 866 1623 offenderit
879 1579 961 1625 aura

80 1687 132 1730 nna
143 1669 272 1748 modo,
286 1693 409 1736 causas
424 1671 571 1736 abeundi
586 1667 726 1756 quaerat
739 1671 918 1750 honestas,

81 1794 105 1841 et
116 1784 282 1850 meditata
300 1786 362 1850 din
376 1785 477 1851 eadat
491 1786 557 1850 alte
572 1793 706 1872 sumpta
721 1787 883 1871 querella,

82 1896 306 1985 stultitiaeque
321 1901 366 1964 ibi
382 1923 418 1964 se
433 1900 584 1974 damnet,
595 1901 750 1965 tribuisse
766 1902 858 1986 quod
872 1903 917 1966 illi

82 2009 141 2093 plns
156 2012 279 2080 videat
296 2037 398 2101 quam
412 2015 543 2080 mortali
559 2015 746 2080 concedere
761 2037 823 2101 par
839 2027 906 2082 est.

44 2137 72 2177 2¹³
82 2144 131 2188 nee
145 2127 307 2196 Veneres
323 2119 458 2195 uostra's
473 2130 538 2195 hoe
552 2129 653 2206 fallit,
667 2151 733 2215 quo
748 2131 853 2215 magis
867 2131 960 2216 ipsae

85 2242 180 2306 omnia
193 2265 334 2310 summo
350 2266 453 2330 opere
467 2245 530 2310 hos
545 2245 633 2308 vitae
648 2245 829 2331 poscaenia
842 2246 967 2320 celant,

86 2372 158 2434 qnos
171 2360 328 2424 retinere
341 2361 459 2424 volunt
472 2359 721 2444 adstrictosque
736 2381 810 2423 esse
823 2361 858 2424 in
873 2381 1002 2437 aurore,

88 2487 120 2529 ne
133 2474 317 2558 quiquam,
329 2475 484 2560 quoniam
500 2482 538 2539 tu
552 2476 660 2539 animo
677 2482 786 2538 tannen
801 2477 910 2540 omnia
925 2477 1035 2562 possis

86 2587 280 2664 protrahere
295 2591 331 2653 in
345 2589 450 2654 lucem
466 2597 566 2674 etque
582 2590 688 2654 omnis
702 2589 869 2675 inquirere
883 2591 986 2667 risus,

46 2703 78 2749 111
89 2706 129 2772 et,
139 2701 165 2764 si
178 2702 274 2768 bello
290 2703 436 2770 animost
451 2712 485 2768 et
499 2725 567 2768 non
582 2702 719 2784 odiosa,
731 2705 875 2770 vicissim

88 2823 210 2893 praeter
225 2822 365 2885 mittere
380 2827 414 2884 et
427 2820 578 2884 humanis
593 2817 779 2884 concedere
793 2820 908 2885 rebus.

122 2927 191 2995 Nec
205 2936 330 3000 mulier
344 2955 475 3020 semper
488 2935 568 2998 ficto
583 2935 729 3020 suspirat
742 2955 872 3006 amore,

92 3059 165 3123 quse
179 3051 352 3137 conplexa
364 3050 426 3114 viri
441 3071 565 3135 eorpus
581 3069 655 3111 cum
671 3068 813 3132 corpore
826 3047 933 3131 innffl't

92 3163 119 3218 et
131 3166 223 3227 tenet
239 3163 391 3230 adsuctis
405 3173 576 3228 umectans
592 3161 707 3226 osenla
720 3161 838 3224 labris:

50 3271 82 3320 nte
93 3288 156 3336 nem
170 3275 254 3344 facit
269 3299 313 3343 ex
327 3280 435 3344 animo
450 3299 569 3366 saepe,
581 3285 616 3341 et
630 3275 816 3340 communia
830 3296 994 3360 quaerens

94 3388 206 3466 gandia
221 3394 380 3459 sollicitat
394 3395 538 3482 spatium
554 3392 733 3458 decurrere
748 3391 885 3456 amoris.

95 3517 146 3564 neo
160 3508 293 3574 ratione
309 3508 372 3573 alia
385 3509 539 3573 volucres
554 3515 703 3573 armenta
716 3506 874 3593 feraeque

36 3660 42 3687 1
97 3621 125 3676 tt
136 3623 285 3702 pecudes
301 3633 334 3687 et
349 3645 455 3709 equae
470 3624 616 3688 moribus
631 3621 806 3688 subsidere
821 3629 979 3707 possunt,

98 3727 120 3789 si
131 3753 197 3800 non
211 3740 305 3825 ipsa,
317 3737 410 3824 quod
423 3737 554 3803 illorum
568 3739 683 3814 subet,
695 3737 793 3802 ardet
808 3735 983 3801 abundans

53 3849 88 3894 'll
98 3855 204 3916 natura
219 3863 255 3919 et
269 3852 436 3918 Venerem
451 3853 625 3918 salientum
641 3852 728 3917 laeta
742 3861 916 3916 retractat.

100 3977 199 4030 nonne
212 3968 310 4035 vides
326 3969 423 4034 etiam
439 3988 525 4052 quos
540 3974 655 4029 mutua
669 3987 769 4050 saepe
784 3965 941 4049 voluptas

109 4161 199 4176 -κ--Η

108 4274 161 4328 1111
177 4284 276 4354 turpis.
307 4285 316 4352 1
346 4291 411 4337 rnre
429 4284 502 4355 tongi
521 4283 623 4354 ungium
649 4281 659 4350 11
685 4287 748 4334 rnen
767 4282 875 4336 missum
893 4279 904 4349 11
926 4287 990 4334 1182
1009 4281 1088 4334 cndu
1115 4283 1125 4348 11
1155 4285 1218 4332 nme

28 4399 31 4437 ,
106 4351 262 4437 Stutiteqne
281 4369 291 4436 11
313 4375 376 4420 use
395 4369 550 4438 poscaenia
568 4367 578 4434 11
597 4370 663 4418 mse
682 4381 789 4434 posses.
814 4365 824 4430 11
847 4371 907 4417 rnen
929 4371 955 4416 en
972 4371 1106 4418 ornnem.
1125 4362 1135 4431 11
1155 4365 1220 4412 rrae

31 4441 32 4461 ¹
108 4451 216 4502 possent.
235 4450 245 4517 ll
266 4456 330 4504 12110
350 4449 488 4504 sellentnnn
508 4449 518 4518 ll
535 4455 694 4503 retrudant.
