2970 5268
286 489 354 557 174
833 485 863 550 V

211 681 257 727 517
282 671 334 728 555
349 663 445 726 etiem
461 682 597 748 quoque
612 661 660 724 uti
675 637 784 747 possit
798 658 925 722 caelum
939 679 1037 724 omne
1050 680 1184 726 manere

281 781 316 842 in
329 778 489 853 statione,
501 786 613 841 tamen
627 797 702 840 cunr
717 772 829 837 lucida
843 773 938 859 signa
952 772 1118 850 ferentum

282 894 351 956 sive
366 889 459 977 quod
473 890 590 954 inclusi
604 887 713 976 rapidi
727 897 807 952 sunt
821 887 968 954 aetherIs
983 897 1113 965 aestuS,

210 1024 260 1110 epo
284 1013 549 1092 quaerentesque
566 1005 651 1069 viam
667 1004 791 1068 circum
805 1011 983 1068 versantur
999 1013 1034 1068 et
1046 1004 1140 1090 ignes

281 1121 404 1206 passim
420 1140 480 1205 per
495 1119 577 1184 caeli
590 1111 732 1183 volvunt
745 1119 898 1182 immania
912 1119 1044 1204 templar

281 1237 351 1300 sive
366 1233 498 1297 aliunde
513 1232 618 1298 fluens
633 1232 786 1298 alicunde
802 1235 1009 1298 extrinsecus
1024 1237 1082 1296 atr

281 1357 397 1414 versat
411 1369 514 1436 agens
527 1347 631 1433 ignis3
643 1348 714 1412 sive
728 1349 792 1435 ipsi
806 1368 942 1434 serpere
958 1357 1102 1432 possunt

282 1485 349 1550 quo
365 1464 525 1548 cuiusque
540 1463 634 1526 cibus
650 1471 749 1526 vocat
763 1471 867 1548 atque
880 1463 999 1526 invitat
1013 1463 1161 1538 aventis,

209 1597 257 1642 555
280 1578 430 1643 flammea
445 1599 506 1664 per
521 1576 648 1641 caelum
662 1577 832 1662 pascentis
848 1598 991 1663 corpora
1006 1577 1143 1661 passim.

279 1715 356 1757 nam
372 1691 453 1777 quid
466 1691 500 1755 in
514 1691 582 1756 hoc
595 1690 721 1756 mundo
737 1691 781 1756 sit
796 1713 910 1755 eorum
925 1713 1050 1776 ponere
1065 1699 1190 1756 certum

281 1807 414 1871 difficile
430 1814 497 1872 est:
510 1805 572 1870 sed
587 1805 669 1892 quid
683 1806 792 1893 possit
806 1805 930 1890 fiatque
944 1828 1006 1893 per
1021 1828 1118 1871 omne

279 1922 314 1985 in
327 1921 428 1986 variis
442 1919 574 1985 mundis
590 1921 681 1984 varia
695 1920 825 1984 ratione
841 1921 976 1996 creatis,

281 2036 318 2101 id
333 2036 440 2102 doceo
451 2086 458 2112 ‚
470 2035 642 2122 plurisque
658 2055 783 2121 sequor
799 2034 979 2122 disponere
994 2055 1127 2111 causas,

210 2168 257 2216 535
279 2152 424 2216 motibus
440 2159 606 2216 astrorum
622 2171 707 2236 quae
724 2151 855 2236 possint
870 2173 943 2214 esse
959 2171 1019 2237 per
1034 2171 1145 2226 omne3

281 2288 299 2330 e
315 2267 435 2353 quibus
449 2287 515 2330 una
531 2275 642 2330 tamen
657 2266 721 2330 siet
734 2265 818 2329 haec
833 2286 969 2351 quoque
984 2286 1087 2330 causa
1099 2274 1285 2340 necessest,

280 2403 366 2466 quae
381 2389 503 2466 vegeat
517 2389 642 2446 motum
657 2381 760 2466 signis
770 2404 777 2444 ε
789 2379 952 2466 sed'quae
967 2381 1011 2445 sit
1025 2401 1138 2444 earum

279 2495 472 2580 praecipere
487 2495 570 2560 haut
585 2503 785 2580 quaquamst
799 2493 1012 2580 pedetemtim
1026 2493 1307 2583 progredientis]

321 2609 495 2694 Terraque
510 2609 595 2672 utin
610 2607 719 2672 media
732 2607 847 2672 mundi
861 2609 997 2694 regione
1013 2611 1178 2694 quiescat,

207 2741 255 2788 555
278 2743 478 2788 evanescere
493 2723 652 2809 paulatim
667 2731 701 2786 55
717 2721 913 2788 decrescere
928 2722 1062 2809 pondus

279 2837 451 2912 convenit,
463 2846 565 2923 atque
580 2837 677 2902 aliam
691 2845 844 2910 naturam
859 2847 976 2926 supter
989 2837 1129 2913 habere,

278 2975 320 3018 ex
334 2954 469 3018 ineunte
483 2973 569 3017 aevo
585 2954 797 3018 coniunctam
812 2961 914 3039 atque
928 2954 1038 3018 uniter
1052 2961 1165 3042 aptam

277 3069 429 3155 partibus
445 3069 542 3134 atriis
557 3069 671 3135 mundi
681 3120 688 3146 ‚
700 3069 821 3156 quibus
836 3069 937 3134 insita
952 3071 1069 3134 crevit.

276 3192 456 3272 propterea
470 3206 538 3249 non
554 3193 608 3250 555
622 3185 714 3248 oneri
730 3206 839 3270 neque
855 3184 1010 3270 deprimit
1024 3205 1138 3262 aures3

204 3316 252 3362 515
273 3307 313 3362 ut
327 3320 388 3363 sua
402 3301 522 3384 cuique
537 3299 662 3364 homini
675 3299 766 3363 nullo
782 3307 861 3364 sunt
876 3298 1025 3386 pondere
1039 3301 1201 3370 membra,

275 3433 337 3477 nec
353 3421 454 3500 caput
469 3421 521 3475 est
536 3413 629 3475 oneri
645 3411 731 3475 collo
742 3459 749 3486 ‚
760 3432 823 3474 nec
839 3411 982 3497 denique
997 3421 1106 3478 totum

276 3527 428 3613 corporis
443 3528 476 3589 in
492 3523 633 3611 pedibus
649 3523 783 3610 pondus
798 3527 958 3590 sentimus
972 3528 1096 3592 inesse:

275 3653 410 3728 atquae
426 3661 568 3726 cumque
583 3639 665 3704 foris
681 3640 821 3704 veniunt
833 3640 1034 3726 inpostaque
1048 3643 1146 3707 nobis

272 3756 426 3842 pondera
441 3765 520 3820 sunt
534 3755 689 3830 laedunt,
702 3755 866 3840 permulto
882 3778 984 3842 saepe
997 3757 1140 3840 minore.

202 3889 251 3935 515
273 3893 379 3957 usque
396 3869 481 3935 adeo
497 3873 605 3956 magni
620 3871 724 3936 refert
738 3869 820 3956 quid
836 3893 990 3956 quaeque
1005 3881 1105 3938 aveat
1119 3893 1188 3938 res.

275 3986 322 4050 sic
336 3987 436 4073 igitur
450 3987 549 4050 tellus
565 4009 632 4052 non
648 3995 700 4050 est
715 3987 821 4050 aliena
835 3996 974 4072 repente

274 4300 698 4373 5131551511521555151551511
723 4304 892 4355 5215511515.
920 4303 930 4369 11
957 4309 1006 4354 528
1025 4305 1120 4357 crocu.
1148 4305 1158 4370 11
1188 4307 1237 4353 5311
1256 4317 1371 4354 ornnem.
1391 4296 1400 4362 11

274 4387 422 4438 53155555
449 4384 459 4456 11
489 4391 536 4438 532
557 4388 645 4457 vigeat
672 4387 683 4458 11
710 4391 758 4437 533
777 4385 921 4457 pedetemti
940 4386 1145 4456 progredientes
1182 4385 1191 4454 11
1228 4391 1277 4435 .’.35
1295 4401 1374 4454 super
1391 4382 1400 4444 11

274 4476 321 4522 537
341 4470 432 4522 ineunt
459 4471 469 4536 11
497 4474 546 4520 535
567 4470 645 4522 vivit.
664 4473 674 4538 11
694 4477 741 4520 545
762 4469 831 4538 turegi
851 4469 972 4538 1151115551
