2970 5268
238 481 284 548 94
776 477 824 546 Ill
845 512 857 534 ·

236 653 314 718 inde
328 652 385 716 ubi
399 651 547 716 robustis
563 649 710 714 adolevit
723 650 849 716 viribus
864 659 972 726 aetas,

165 785 213 832 450
236 768 408 833 consilium
425 787 559 852 quoque
574 764 679 828 mains
693 772 728 828 et
742 765 871 830 auctior
887 773 939 830 est
953 766 1049 829 animi
1065 767 1131 830 vis:

236 891 316 969 post
329 883 387 946 ubi
400 883 464 945 iam
478 879 598 945 validis
613 887 806 964 quassatum
822 887 874 944 cst
888 881 1013 945 viribus
1028 885 1100 944 aevi

191 1079 196 1088 Ι
236 1018 360 1082 corpus
376 976 410 1061 et
424 995 554 1061 obtusis
569 992 763 1059 ceciderunt
776 995 902 1059 viribus
917 1003 1029 1062 artus.

237 1111 402 1175 claudicat
415 1110 598 1196 ingenium,
610 1109 731 1173 delirat
745 1109 856 1195 lingue
865 1158 873 1185 ,
883 1110 975 1174 labat
988 1131 1097 1183 mens,

237 1227 347 1292 omnia
362 1225 520 1290 deliciunt
533 1232 635 1309 atque
648 1245 717 1288 uno
732 1231 884 1309 tempore
899 1222 1035 1288 desunt.

165 1359 213 1404 455
236 1363 316 1427 ergo
333 1339 470 1405 dissolui
487 1361 622 1425 quoquc
637 1338 794 1403 convenit
808 1359 940 1402 omnem
953 1339 1072 1402 animai

239 1463 409 1530 naturam,
421 1475 482 1518 ceu
498 1453 608 1517 fumus
618 1502 625 1528 ‚
636 1454 670 1516 in
685 1453 770 1517 altas
786 1453 872 1517 atris
887 1473 1002 1530 auras3

135 1561 140 1568 ⁸
237 1567 510 1656 quandoquidem
524 1567 614 1652 gigni
629 1567 754 1652 pariter
768 1568 961 1653 pariterque
974 1566 1125 1632 videmus

238 1704 391 1748 crescere
406 1690 455 1758 et,
465 1688 505 1745 ut
519 1679 636 1754 docui,
646 1681 743 1746 simul
757 1701 841 1747 aevo
855 1683 946 1747 fessa
958 1682 1084 1748 fatisci.

278 1798 354 1862 Huc
368 1795 498 1860 accedit
511 1796 560 1860 uti
575 1793 763 1873 videamus,
775 1819 899 1883 corpus
913 1805 952 1862 ut
965 1797 1072 1883 ipsum

166 1931 214 1978 450
232 1905 406 1998 'suscipere
419 1911 560 1974 inmanis
574 1911 710 1975 morbos
726 1909 912 1997 durumque
927 1911 1093 1985 dolorem,

238 2028 285 2091 sic
300 2027 443 2091 animum
459 2045 555 2089 curas
571 2025 657 2088 acris
671 2025 863 2110 luctumque
878 2035 1083 2112 metumque3

239 2163 342 2228 quare
356 2140 551 2226 participem
566 2140 622 2204 leti
638 2161 773 2226 quoque
788 2142 945 2205 convenit
960 2163 1048 2205 esse.

241 2257 321 2342 quin
337 2256 435 2320 etiam
448 2255 573 2321 morbis
586 2256 622 2318 in
636 2257 787 2341 corporis
801 2255 895 2320 avius
910 2264 1001 2320 erret

238 2392 339 2459 saepe
354 2370 497 2435 animus:
510 2368 670 2434 dementit
684 2369 768 2433 enim
783 2369 956 2455 deliraque
969 2369 1073 2443 fatur,

166 2501 214 2547 455
237 2486 323 2549 inter
338 2482 484 2568 dumque
499 2485 592 2568 gravi
605 2483 759 2566 lethargo
774 2483 880 2547 fertur
894 2485 929 2547 in
943 2485 1046 2550 altum

238 2605 476 2680 aeternumque
491 2617 646 2681 soporem
661 2595 765 2666 oculis
779 2605 929 2682 nutuque
945 2598 1093 2670 cadendi

237 2708 327 2774 unde
341 2731 450 2794 neque
466 2708 603 2773 exaudit
616 2731 719 2773 voces
733 2729 795 2772 nec
810 2732 951 2775 noscere
966 2713 1078 2777 voltus

149 2901 156 2912 ‚
237 2824 366 2889 illorum
381 2824 471 2908 potis
487 2833 556 2900 est,
567 2823 611 2887 ad
626 2824 727 2887 vitam
743 2824 800 2908 qui
814 2835 1010 2891 revocantes

239 2939 361 3003 circum
376 2945 467 3003 stant
480 2939 621 3004 lacrimis
635 2947 789 3004 rorantes
804 2960 863 3003 ore
878 2959 1063 3027 genasque.

165 3071 214 3118 470
236 3075 340 3140 quare
355 3052 496 3117 animum
513 3075 647 3140 quoque
663 3052 800 3118 dissolui
815 3053 942 3119 fateare
957 3063 1142 3130 necessest,

239 3166 509 3256 quandoquidem
524 3177 704 3255 penetrant
716 3169 750 3232 in
767 3189 839 3232 eum
855 3171 1010 3256 contagia
1022 3171 1141 3233 morbi:

236 3305 313 3347 nam
329 3283 427 3347 dolor
441 3303 480 3346 ac
494 3283 629 3347 morbus
644 3283 700 3346 leti
715 3282 897 3348 fabricator
911 3293 1101 3369 uterquest3

220 3379 221 3382 Ἴ
236 3397 415 3460 multorum
431 3395 532 3459 exitio
547 3395 700 3480 perdocti
717 3395 810 3480 quod
824 3419 937 3461 sumus
953 3406 1045 3464 ante.

165 3527 215 3574 475
236 3509 382 3594 denique
397 3529 472 3582 cor,
483 3508 650 3572 hominem
665 3530 738 3572 cum
752 3510 821 3572 vini
834 3511 885 3574 vis
900 3513 1088 3597 penetravit

237 3624 324 3688 acris
340 3623 420 3687 etin
434 3642 538 3686 venas
554 3619 709 3686 discessit
724 3621 850 3688 diditbs
865 3625 981 3702 ardor,

238 3737 455 3821 consequitur
469 3736 616 3821 gravitas
630 3737 869 3816 membrorum,
881 3738 1143 3827 praepediuntur

238 3871 336 3914 crure
349 3850 533 3926 vacillanti,
544 3849 708 3915 tardescit
721 3851 849 3938 lingua,
861 3855 974 3920 madet
987 3877 1095 3930 mens,

165 3982 214 4028 450
235 3971 318 4028 nent
332 3964 436 4038 oculi,
448 3965 572 4028 elamor
587 3965 751 4050 singultus
765 3966 871 4051 iurgia
885 3969 1042 4048 gliscunt,

239 4165 439 4172 ...η-.-

239 4281 289 4328 449
308 4276 425 4330 subustis
451 4276 461 4344 ΙΙ
490 4282 539 4328 450
558 4283 649 4329 auctor
676 4277 685 4344 ΙΙ
713 4262 1001 4335 45314545444444444.
1033 4283 1043 4350 ll
1070 4289 1120 4335 455
1138 4284 1206 4336 acris
1233 4283 1244 4353 ll
1270 4289 1321 4336 458
1340 4293 1370 4337 ut

239 4367 372 4416 omarum.
390 4361 399 4428 ll
419 4357 509 4414 fectis.
527 4360 537 4428 ll
556 4365 604 4411 452
617 4361 772 4429 perticidem
790 4363 800 4430 ss
814 4369 863 4414 470
876 4361 960 4417 latere
979 4367 989 4432 11
1007 4367 1345 4436 472445141147435447.
1359 4369 1369 4436 ll

240 4447 289 4493 445
308 4441 344 4495 Et
361 4442 461 4511 paritor
479 4448 593 4496 montem
612 4445 699 4496 sanari
718 4462 815 4516 corpus
834 4445 918 4497 inani.
937 4449 947 4512 lt
966 4453 1015 4500 479
1036 4449 1182 4502 unciliaanti
