2990 5182
285 491 354 558 364
442 479 450 498 ⁹
811 488 860 554 Vl

284 665 383 729 drato
394 666 482 748 ripae
497 661 636 745 antiqua
647 681 744 725 mauu
762 669 796 725 et
810 661 956 726 fortasse
972 663 1101 746 abipso
1114 663 1271 727 librario.
1289 665 1327 727 iu
1339 667 1401 730 ob·

283 762 385 848 longo
399 761 507 846 prima
521 779 638 822 manus
653 765 761 822 totum
776 759 979 824 vocabulum
994 761 1124 824 omisit:
1143 770 1325 827 corrector
1342 785 1402 827 ve-

283 870 337 924 tus
364 861 398 921 in
426 858 573 942 margine
601 855 699 921 addit
726 859 835 943 lipsa.
873 875 1002 922 riuus
1031 860 1199 924 Antonius
1229 861 1335 926 Marii
1368 871 1399 924 et

282 957 480 1022 Lambinus.
685 961 694 978 '

364 1053 434 1118 242.
462 1051 519 1116 Er
552 1075 799 1118 uourusurs
831 1077 957 1120 virum
990 1078 1223 1121 couuounu
1258 1077 1395 1131 Araus

282 1175 417 1218 crass.
440 1149 603 1215 Marullus
618 1152 758 1216 damliri
766 1201 773 1214 .
789 1152 856 1217 hoe
871 1155 1016 1238 probato
1031 1153 1112 1218 Pius
1128 1157 1208 1218 ciere
1222 1154 1395 1236 iuterpre-

281 1257 375 1314 tatur
385 1269 596 1314 commovere
606 1298 613 1324 ,
625 1248 835 1315 disturbare.
846 1251 914 1317 hoc
924 1251 972 1316 illi
980 1251 1115 1316 saeculo
1126 1249 1394 1315 condonandum

282 1355 351 1412 est:
366 1346 598 1411 Wakefieldus
612 1347 822 1430 perversior,
843 1350 903 1434 qui
917 1349 1002 1413 haee
1022 1348 1152 1414 effutire
1167 1349 1317 1423 audeat,
1339 1343 1395 1412 ita

281 1443 546 1519 commoliri‚vel
557 1443 713 1531 aggredi,
728 1451 767 1509 ut
778 1447 904 1521 oieant,
919 1447 989 1510 siva
1001 1453 1137 1522 eruant,
1153 1455 1187 1510 et
1198 1469 1218 1511 a
1228 1447 1310 1511 loco
1322 1469 1393 1510 mo·

280 1543 397 1608 vaant’.
412 1544 511 1607 immo
523 1536 736 1607 ‘monimenta
751 1551 908 1608 extruere
923 1552 958 1608 et
969 1544 1014 1609 ad
1028 1544 1319 1630 progrediendum
1336 1567 1392 1608 ex-

118 1649 121 1660 ’
176 1691 184 1706 ,
281 1635 413 1714 eitare';
435 1639 528 1725 quod
543 1640 727 1705 absurdum
735 1651 814 1706 est.
837 1643 885 1706 rei
901 1651 1163 1708 cousentaneum
1187 1651 1242 1707 est
1257 1643 1304 1708 Et
1324 1667 1392 1706 ιι-

281 1740 527 1802 uernularum
542 1741 709 1803 cmnmoliri
723 1751 813 1826 utque
828 1743 922 1804 ciere.

363 1835 578 1912 muneque
595 1859 1017 1902 1ssuou1ss1ssuuuu
1032 1861 1244 1904 mousson.
1259 1839 1390 1904 Sieob-

280 1936 419 2022 longus:
442 1931 629 2018 quadratus
649 1937 834 2020 nequiquam
841 1937 1021 2021 ρνοιηιζιείε.
1043 1959 1139 2022 neque
1153 1960 1200 2000 rr
1215 1938 1248 1999 iu
1263 1936 1341 2004 Itali
1357 1945 1389 2000 et

281 2031 461 2098 Marullus.
476 2032 563 2096 libro
578 2032 654 2107 v,9l
670 2057 709 2096 ue
722 2043 750 2096 te
763 2036 795 2096 iu
805 2035 965 2118 pomusis
973 2035 1070 2118 plura
1085 2057 1254 2099 morernur.
1279 2035 1329 2098 sie
1343 2035 1390 2098 ibi

279 2133 462 2218 oblongus,
479 2130 668 2215 quadratus
682 2153 739 2194 uec
751 2133 785 2194 iu
793 2133 953 2216 proauissis
961 2133 1058 2215 plura
1072 2153 1241 2196 manner.

361 2229 432 2294 246.
454 2227 642 2292 Futurus
666 2251 783 2292 emur
805 2251 824 2292 s
848 2250 1027 2293 cusssrs.
1044 2228 1178 2293 Titulus
1190 2231 1225 2294 iu
1238 2229 1386 2314 oblongo

280 2329 412 2392 Mimiua
423 2328 609 2411 (corrector
622 2324 779 2410 Fulmina)
789 2328 823 2388 iu
833 2326 1031 2390 auctoribus
1040 2325 1169 2389 aubibus
1179 2339 1207 2390 et
1217 2328 1278 2390 alte
1285 2329 1386 2411 qums.

277 2424 441 2491 Marullus
457 2445 628 2488 emmas
650 2447 665 2487 e
686 2446 868 2488 caussis.

359 2523 429 2586 250.
446 2521 560 2600 Quos
584 2543 686 2584 ruric
708 2543 781 2584 rsa
802 2543 957 2585 rorum.
973 2521 1064 2584 Tus
1079 2521 1296 2586 scribendum
1311 2543 1383 2586 esse

277 2621 346 2685 dixi
362 2619 406 2684 ad
420 2619 541 2684 librum
556 2641 577 2691 1,
590 2617 664 2682 130.

358 2713 654 2779 257.Ur1³101ss
671 2736 797 2779 curuo
814 2716 1381 2781 n1u1ssuusuuurs.lllarullus

276 2833 483 2877 eruissem
504 2831 683 2874 rruuru.

358 2908 427 2973 258.
444 2906 513 2972 Sic
537 2929 662 2971 cumr
684 2931 899 2974 urruurus
921 2913 1380 2978 raueas1s.Elconstruc·

275 3009 358 3074 tieni
374 3009 511 3072 obstare
523 3005 776 3094 Havercampus
791 3009 895 3073 vidit.
912 3031 971 3074 eur
987 3030 1067 3096 ergo
1082 3031 1146 3073 nee
1160 3011 1234 3094 ipse
1247 3033 1312 3076 nee
1327 3013 1380 3096 qui

275 3129 350 3172 eum
359 3107 466 3171 secuti
476 3112 556 3168 sunt
564 3105 723 3170 viderunt
732 3091 946 3172 scribendum
956 3128 1031 3172 esse
1043 3131 1086 3185 pr
1095 3131 1113 3171 r
1121 3131 1140 3171 r
1148 3131 1196 3172 rr
1204 3131 1248 3174 us
1258 3110 1273 3171 l
1285 3131 1379 3194 prae-

274 3205 389 3270 sertim
401 3225 476 3268 aum
482 3202 586 3288 ferma
595 3203 715 3266 Latine
727 3225 795 3267 non
807 3204 955 3277 dicatur,
970 3203 1032 3268 sed
1038 3205 1162 3291 fartae.
1174 3227 1252 3270 nam
1264 3207 1379 3272 Cicero

272 3306 306 3368 in
321 3310 458 3367 oratore
475 3301 534 3364 163
551 3300 696 3366 dubitari
719 3323 787 3364 uon
807 3311 924 3386 potest
938 3303 1019 3387 quin
1041 3304 1217 3389 scripserit
1230 3319 1264 3369 a!
1275 3300 1378 3372 ‘Aura-

273 3413 319 3464 tue
333 3402 413 3464 aries
432 3399 617 3463 Colctomm‘
631 3401 796 3484 splmdidu
808 3401 979 3464 nominibus
993 3403 1192 3466 iulscmiaalus
1206 3416 1250 3468 est
1262 3429 1378 3482 aereus,

272 3499 326 3562 sed
338 3498 500 3581 proximus
514 3497 688 3582 inquinatus
707 3499 919 3562 iuuaaeissa'ma
934 3499 1052 3578 littera,
1070 3493 1168 3564 ‘Rue
1178 3502 1340 3588 smpism
1352 3514 1380 3566 e!

273 3595 378 3682 efferta
389 3615 464 3655 arva
476 3595 570 3656 Asiae
580 3595 677 3657 teuet'.
693 3595 727 3656 in
741 3595 857 3678 priore
868 3617 968 3660 versu
984 3597 1125 3662 alterum
1141 3617 1263 3664 nomen
1276 3598 1376 3664 Graa-

273 3711 347 3754 cum
359 3687 479 3763 fuisse,
494 3688 588 3773 quod
600 3689 717 3754 Cicero
730 3691 919 3768 retinuerit,
936 3697 1040 3758 verba
1052 3694 1221 3760 indicant.
1233 3696 1376 3762 fortasse

163 3847 165 3860 ,
272 3788 454 3872 scripserat
469 3788 617 3873 tragicus
633 3799 661 3852 et
673 3811 734 3875 qua
747 3790 867 3878 Lydiae
880 3791 966 3855 Finis
971 3792 1132 3879 fmpisera
1146 3805 1175 3858 et
1184 3796 1289 3882 efferta
1304 3821 1377 3860 erra

272 3889 365 3950 Asiae
379 3899 468 3950 tutet.

353 3985 422 4048 269.
439 4007 563 4048 ouum
580 4006 732 4048 rursu.
748 3986 906 4069 impressi
922 4008 1072 4078 rurus,
1086 3975 1203 4073 itaque
1213 3992 1377 4054 Antonius

270 4080 500 4143 Florentinus.
597 4107 606 4122 ·

352 4177 422 4239 272.
444 4177 603 4242 Seurri
628 4201 842 4260 assensus
859 4203 983 4245 cAvus
1006 4205 1154 4257 susas,
1177 4207 1225 4248 ar
1248 4207 1373 4248 muers

270 4295 495 4338 uucussar.
519 4276 643 4341 Sentius.
659 4301 816 4342 naeuus
839 4279 1021 4353 Marullus,
1044 4289 1082 4345 ut
1096 4305 1198 4348 versu
1213 4283 1289 4347 207.
1306 4307 1374 4347 uu·

269 4397 386 4437 ressa
409 4395 478 4435 rsr
494 4372 570 4436 olim
586 4377 738 4459 impressi
756 4387 789 4441 et
803 4379 986 4444 Antonius.

351 4471 686 4537 mammenus
709 4496 953 4540 1s1v0u1¹ax
969 4499 1172 4542 versurus
1194 4501 1233 4542 iu
1254 4501 1372 4541 sure.
