2946 5188
277 493 323 562 82
818 489 866 556 111

128 689 134 699 ·
214 685 247 731 80
276 651 419 756 percipit¹
434 665 598 760 hurnanos
612 661 726 728 edium
740 662 891 747 lucisque
905 659 1087 726 videndae.

276 791 314 845 ut
328 781 390 844 sibi
405 779 598 843 conciscant
612 777 771 841 maerenti
786 785 924 862 pectore
938 775 1057 843 letum.

277 895 373 960 obliti
386 892 514 956 fontem
529 914 683 956 curarum
696 891 786 955 hune
801 911 875 954 esse
890 891 1057 959 timorem,

276 1009 368 1073 hune
381 1028 506 1070 vexare
521 1005 701 1093 pudorem,
712 1005 803 1070 hune
816 1005 948 1068 vincula
962 1002 1115 1066 amicitiai

276 1144 431 1208 rumpere
446 1129 481 1185 et
493 1122 527 1185 in
542 1141 668 1184 summa
682 1120 842 1205 pietatem
856 1127 1007 1181 evertere
1023 1115 1158 1180 fraude:

215 1256 247 1302 85
277 1259 353 1304 nam
366 1239 430 1300 iam
445 1257 545 1320 saepe
560 1235 711 1299 homiues
726 1235 867 1319 patriam
882 1253 1046 1318 carosque
1061 1231 1210 1316 parentis

275 1350 514 1440 prodiderunt.
525 1349 631 1413 vitare
646 1347 832 1411 Acherusia
846 1347 970 1433 templa
985 1355 1153 1432 petentes.

275 1489 352 1530 nam
367 1465 422 1528 vel
435 1465 485 1528 uti
498 1463 593 1549 pueri
608 1460 779 1546 trepidant
793 1471 895 1546 atque
910 1462 1020 1524 omnia
1034 1461 1142 1524 caeeis

275 1583 310 1644 in
324 1579 470 1644 tenebris
484 1585 655 1648 mensurat,
666 1575 714 1639 sio
728 1596 791 1639 nos
806 1576 840 1638 in
854 1575 928 1639 luce
943 1575 1094 1639 timemus

277 1695 364 1758 inter
378 1692 456 1756 dum
467 1742 474 1766 ,
486 1691 553 1754 nilo
570 1711 655 1774 quae
670 1698 749 1754 sunt
762 1687 942 1754 metuenda
956 1689 1062 1774 magis
1076 1709 1173 1773 quam

214 1827 248 1873 ao
278 1830 364 1894 quae
377 1807 472 1893 pueri
486 1807 521 1869 in
534 1804 681 1868 tenebris
695 1804 848 1888 pavitant
860 1804 1055 1888 finguntque
1069 1802 1195 1867 futura.

276 1923 366 1986 hune
380 1923 482 2008 igitur
496 1930 659 1984 terrorem
672 1918 771 1982 animi
785 1919 1010 2002 tenebrasque
1024 1927 1196 1980 necessest

277 2058 348 2100 non
361 2034 447 2099 radii
461 2035 542 2098 solis
555 2055 666 2118 neque
680 2031 792 2097 lucida
805 2033 873 2096 tela
887 2031 952 2095 diei
1012 2108 1018 2122 .

277 2149 474 2224 discutiant,
485 2147 547 2211 sed
560 2157 700 2212 naturae
715 2147 845 2233 speeies
859 2147 1030 2230 ratioque.

316 2265 463 2328 Primum
477 2263 620 2326 animum
635 2261 710 2326 dieo
719 2311 728 2336 ‚
738 2271 882 2326 mentem
895 2281 995 2346 quam
1010 2279 1111 2345 saepe
1125 2279 1298 2328 vocamus,

214 2395 247 2441 95
276 2381 311 2443 in
326 2400 393 2464 quo
409 2377 581 2442 consilium
596 2378 686 2442 vitae
698 2377 912 2462 regimenque
926 2375 1071 2439 locatum
1086 2383 1154 2445 est,

276 2513 351 2557 esse
363 2491 507 2555 hominis
522 2499 651 2577 partem
665 2492 733 2554 nilo
748 2492 855 2554 minus
869 2511 909 2552 ae
922 2509 1041 2552 manus
1056 2497 1090 2551 et
1104 2509 1165 2573 pes

244 2591 251 2598 ’
277 2613 379 2688 atque
394 2604 501 2668 oculei
515 2613 628 2689 partes
643 2605 818 2668 animantis
834 2604 939 2667 totius
954 2611 1085 2666 extant.

277 2853 411 2897 sensum
425 2831 523 2894 animi
538 2839 631 2894 certa
644 2851 714 2894 non
729 2851 803 2894 esse
816 2831 852 2893 in
865 2837 963 2915 parte
979 2831 1139 2897 locatum.

276 2968 393 3011 verum
406 2945 555 3010 habitum
569 2943 738 3032 quendam
752 2945 886 3008 vitalem
901 2946 1054 3029 corporis
1070 2965 1158 3010 esse.

206 3080 253 3127 100
275 3061 481 3126 harmoniam
496 3061 576 3125 Grai
591 3082 691 3146 quam
705 3059 838 3129 dicunt.
852 3059 945 3146 quod
958 3058 1057 3122 faeiat
1071 3080 1135 3122 nos

275 3179 389 3241 vivere
404 3197 477 3240 eum
493 3197 611 3250 sensu,
622 3174 714 3239 nulla
728 3197 800 3238 cum
815 3175 850 3237 in
864 3183 960 3259 parte
975 3174 1039 3237 siet
1052 3194 1160 3246 mens3

275 3299 314 3353 ut
326 3292 417 3352 bone
431 3310 532 3373 saepe
545 3286 702 3352 valetudo
717 3309 792 3350 eum
807 3288 927 3351 dieitur
941 3307 1018 3352 esse

276 3403 427 3489 corporis
437 3450 445 3477 ‚
456 3409 490 3464 et
504 3423 572 3464 non
588 3410 642 3464 est
654 3411 766 3464 tamen
779 3400 863 3463 haec
877 3423 958 3486 pars
972 3401 1040 3464 ulla
1053 3400 1211 3466 valentis.

276 3517 324 3580 sie
339 3515 437 3578 animi
451 3534 585 3577 sensum
600 3529 669 3577 non
683 3521 775 3577 certa
788 3521 885 3599 parte
900 3523 1082 3600 reponunt3

238 3648 252 3692 5
274 3649 394 3713 magno
410 3647 512 3712 opere
526 3627 561 3690 in
575 3649 643 3712 quo
657 3628 700 3690 mi
716 3625 840 3692 diversi
854 3649 966 3693 errare
981 3628 1150 3693 videntur.

275 3763 376 3826 saepe
391 3742 521 3825 itaque,
532 3741 565 3804 in
581 3749 739 3828 promptu
754 3763 877 3829 eorpus
892 3743 985 3828 quod
1000 3745 1164 3818 cernitur,
1175 3751 1306 3828 aegret,

275 3877 348 3920 eum
363 3865 472 3918 tamen
488 3876 530 3918 ex
544 3855 609 3919 alia
622 3856 782 3920 laetamur
796 3865 893 3942 parte
907 3857 1038 3922 latenti:

274 3977 309 4033 et
322 3977 413 4032 retro
428 3968 465 4032 fit
479 3970 527 4033 uti
541 3979 660 4034 eontra
674 3971 718 4034 sit
732 3991 834 4056 saepe
848 3971 1007 4046 vicissim,

274 4104 348 4146 cum
360 4081 459 4146 miser
474 4102 515 4146 ex
530 4085 638 4147 animo
653 4085 796 4148 laetatur
811 4107 953 4170 corpore
968 4093 1056 4153 toto:
1118 4158 1122 4167 ,

274 4267 474 4276 -—.——

272 4367 303 4413 81
323 4359 487 4413 eonieiseant
504 4361 515 4427 ΙΙ
533 4365 566 4411 81
584 4359 711 4429 pietaten
729 4359 837 4414 suadet.
863 4362 874 4429 ΙΙ
892 4367 924 4412 01
943 4377 1022 4431 quem
1040 4364 1051 4428 ΙΙ
1069 4367 1102 4413 05
1122 4369 1244 4416 vocatum
1264 4363 1274 4425 ΙΙ
1297 4371 1347 4418 100
1365 4375 1404 4420 ta·

271 4445 324 4498 ciat
340 4445 351 4512 ΙΙ
372 4447 420 4496 100
437 4458 560 4512 aegrum.
580 4442 590 4508 ΙΙ
611 4447 659 4495 108
676 4443 722 4494 ubi
