3034 5204
614 433 666 502 m

49 652 50 700 Η
96 617 121 673 et
132 608 296 674 condensa
310 616 435 694 queant
448 627 612 694 apparere
627 615 662 674 et
676 608 771 672 simul
786 608 860 695 ipso

49 705 50 772 l
95 725 201 788 vertice
215 722 258 786 de
273 723 394 788 montis
410 721 586 788 videantur
601 743 740 808 surgere
753 725 787 788 in
802 722 966 790 aethram:

94 859 154 904 nam
166 839 240 903 loca
255 837 404 902 declarat
417 857 547 900 sursum
562 846 705 903 ventosa
718 847 834 924 patere

94 975 136 1018 res
147 955 217 1041 ipsa
232 959 266 1017 et
280 951 547 1027 sensus‚montis
562 973 637 1016 cum
651 950 860 1018 ascendimus
876 955 978 1020 altos.

58 1082 79 1123 n
93 1075 248 1151 praeterea
262 1066 427 1152 permulta
440 1065 521 1130 mari
538 1087 673 1152 quoque
687 1066 805 1131 tollere
820 1075 893 1132 toto

94 1203 218 1270 corpora
232 1189 384 1247 naturam
400 1178 574 1244 declarant
587 1179 685 1245 litore
698 1189 812 1246 vestes

94 1318 278 1382 suspensae,
289 1309 363 1361 cum
379 1295 572 1382 concipiunt
586 1296 710 1360 umoris
724 1295 921 1362 adhaesum.

94 1432 148 1494 quc
161 1413 264 1498 magis
278 1410 323 1476 ad
337 1409 436 1474 nubis
450 1409 621 1496 augendas
636 1409 739 1476 multa
753 1410 909 1477 videntur

94 1547 176 1608 posse
190 1546 326 1611 quoque
342 1546 359 1587 e
374 1523 463 1590 salso
479 1545 681 1612 consurgere
694 1527 836 1590 momine
851 1529 959 1614 ponti:

55 1653 78 1696 ³5⁵
92 1661 152 1704 nam
164 1642 248 1706 ratio
265 1639 545 1726 consanguineast
558 1641 728 1706 umoribus
744 1641 833 1706 ollis.

45 1740 46 1818 l
94 1763 252 1838 praeterea
267 1755 374 1819 fluviis
389 1775 430 1818 ex
446 1752 600 1819 bmnibus
616 1763 650 1820 et
663 1755 760 1819 simul
773 1755 848 1841 ipsa

92 1889 210 1956 surgere
226 1869 270 1934 de
285 1877 375 1934 terra
389 1867 528 1933 nebulas
543 1877 737 1955 aestumque
751 1868 918 1947 videmus,

92 2003 162 2066 quae
176 1984 229 2049 vel
242 1993 282 2048 ut
296 1983 394 2048 alitus
410 1982 487 2046 hinc
500 1983 548 2047 ita
563 2005 693 2048 sursum
709 2005 869 2069 expressa
883 1986 1036 2053 seruntur

92 2097 337 2185 suffunduntque
351 2118 413 2162 sua
427 2097 554 2162 caelum
570 2097 709 2184 caligine
724 2108 758 2163 et
773 2099 858 2164 altas

53 2223 77 2262 *u
91 2211 242 2279 sufficiunt
257 2214 353 2278 nubis
369 2212 528 2299 paulatim
543 2195 793 2306 conveniundp:

43 2310 44 2348 ³
90 2339 171 2412 urget
184 2330 270 2393 enim
285 2348 420 2414 quoque
435 2324 583 2411 signiferi
597 2323 698 2412 sup'er
713 2326 857 2390 aetheris
872 2335 987 2393 aestus

43 2445 44 2537 Η
91 2448 116 2503 et
128 2444 216 2527 quasi
231 2441 405 2508 densendo
420 2441 568 2506 subtexit
582 2439 715 2504 caerula
729 2441 861 2505 nimbis.

42 2545 44 2640 Η
89 2553 117 2618 lt
130 2577 259 2644 quoque
273 2565 310 2621 ut
324 2555 391 2620 huc
405 2556 541 2620 veniant
554 2556 589 2620 in
603 2555 730 2620 caelum
745 2556 952 2622 extrinsecus
967 2560 1023 2626 illa

91 2689 216 2756 corpora
231 2693 319 2758 quae
333 2670 459 2735 faciunt
473 2671 570 2734 nubis
583 2671 781 2756 nimbosque
795 2672 940 2738 uolantis
950 2697 973 2764 εΙ

51 2792 75 2836 87
90 2781 342 2851 innumerabilem
359 2784 444 2848 enim
459 2805 630 2850 numerum
645 2807 871 2872 summamque
886 2787 1044 2872 profundi

91 2918 151 2963 esse
164 2901 324 2966 infinitam
339 2899 439 2964 docui
449 2947 457 2976 ‚
467 2909 659 2984 quantaque
675 2899 828 2964 volarent
1074 2879 1078 2890 ’

91 3032 216 3100 corpora
231 3013 415 3079 mobilitate
431 3012 564 3079 ostendi
581 3033 746 3098 quamque
760 3021 901 3096 repente

89 3124 319 3194 inmemorabile
334 3149 394 3214 per
409 3127 552 3213 spatium
567 3127 709 3190 transire
725 3126 886 3190 solerent.

91 3237 158 3306 haut
169 3243 270 3330 igitur
284 3242 451 3317 mirumst,
463 3241 490 3305 si
504 3262 611 3326 parvo
626 3249 777 3326 tempore
792 3261 893 3327 saepe

50 3361 76 3408 ⁸⁹0
93 3361 147 3420 tam
161 3357 289 3446 magnis
304 3356 423 3420 nimbis
438 3362 622 3443 tempestas
636 3363 738 3440 atque
752 3357 912 3420 tenebrae

91 3473 252 3556 coperiant
265 3471 369 3536 maria
383 3491 422 3534 ac
437 3477 545 3534 terras
559 3470 700 3557 inpensa
714 3491 873 3556 superne,

90 3585 221 3674 undique
238 3583 512 3672 quandoquidem
525 3605 586 3669 per
601 3585 714 3648 caulas
728 3585 875 3650 aetheris
890 3587 994 3650 omnis

91 3707 117 3761 et
129 3703 219 3786 quasi
235 3699 420 3788 permagni
435 3699 557 3762 circum
572 3698 738 3784 spiracula
750 3697 864 3764 mundi

91 3815 183 3881 exitus
197 3815 423 3901 introitusque
439 3813 609 3877 elementis
624 3811 779 3878 redditus
794 3821 901 3878 extat.

91 4027 278 4044 Ἢ

92 4163 131 4210 too
147 4162 345 4232 condensatquc
362 4169 420 4214 arta
438 4177 531 4231 parere
558 4158 568 4228 ΗΗ
595 4165 644 4212 467
663 4157 783 4214 videatur
808 4160 819 4228 ΗΗ
846 4159 971 4230 4681οΗ
998 4165 1047 4214 469
1068 4163 1205 4233 sensumu

92 4247 131 4294 ua
150 4243 229 4308 Quod
246 4245 257 4316 ΗΗ
276 4251 325 4297 474
345 4244 477 4298 mliomine
495 4244 506 4310 Η
524 4249 572 4296 479
592 4243 788 4313 consanguinea
806 4258 835 4294 se
855 4244 865 4311 ΗΗ
884 4243 981 4296 omnis.
1001 4244 1011 4313 ΗΗ
1029 4249 1079 4296 478
1098 4245 1175 4298 ssavis
1194 4245 1204 4313 ΗΗ

91 4329 128 4376 481
148 4327 229 4398 Urgit
255 4328 265 4398 Η
293 4344 360 4399 supe
387 4327 398 4396 Η
425 4331 473 4378 483
492 4326 560 4378 hunc
578 4325 589 4394 ΗΗ
608 4324 658 4378 illi.
687 4327 697 4396 ΗΗ
724 4331 774 4379 488
791 4341 840 4396 per
857 4333 990 4382 omissum.
1009 4328 1020 4396 ΗΗ
1038 4333 1088 4380 490
1106 4327 1204 4380 montis

91 4413 209 4481 tempesta
228 4410 239 4481 ΗΗ
257 4417 305 4466 491
326 4411 471 4482 (operiant
489 4409 499 4478 Η
518 4413 566 4462 499
585 4409 674 4461 cavius
