2970 5268
611 468 673 536 llll

44 679 54 703 ·.
78 665 136 706 nau
150 643 294 707 dubium
313 664 386 706 non
402 649 468 716 cst,
480 643 599 706 animai
615 643 695 728 quin
711 665 814 730 opera
829 646 872 710 sit

77 780 174 822 seusus
189 758 249 823 hic
264 759 305 822 in
322 758 440 832 nobis
451 779 549 842 quem
565 779 639 820 cum
654 779 758 846 sopor
772 758 902 844 inpedit
917 783 1003 837 esse,
1077 771 1081 780 “

77 891 129 935 unu
142 875 242 939 nobis
260 875 413 938 animam
429 873 658 958 perturbatam
674 895 747 938 esse
763 875 982 961 putandumst

77 989 273 1074 eiectamque
291 987 486 1063 soresmos
502 1008 632 1052 omnem
643 1012 650 1050 ε
663 1009 804 1072 namque
819 990 943 1055 iaceret

75 1119 195 1167 aeterno
212 1125 353 1188 corpus
367 1101 537 1189 perfusum
553 1102 677 1188 frigore
690 1103 763 1168 leti.

75 1218 183 1302 quippe
193 1267 202 1294 ‚
214 1219 279 1282 ubi
297 1217 393 1282 nulla
407 1218 514 1283 latens
530 1217 647 1282 animai
662 1239 742 1305 pars
756 1231 943 1285 remaneret

75 1329 98 1392 in
110 1333 273 1398 membris
285 1382 295 1410 ‚
310 1333 421 1398 cinere
436 1341 475 1397 ut
488 1333 591 1397 multa
605 1332 686 1397 latet
701 1334 842 1398 obrutus
856 1335 958 1420 ignis,

76 1445 149 1510 unde
163 1447 360 1513 reconflari
374 1455 491 1511 sensus
506 1468 566 1532 per
580 1448 728 1512 membra
741 1457 880 1536 repente

75 1571 196 1642 posset,
211 1571 256 1627 ut
274 1564 403 1649 exigui
418 1584 519 1626 caeco
536 1583 740 1649 consurgere
754 1563 907 1628 flamma?

108 1676 174 1740 Sed
190 1679 327 1762 quibus
342 1677 426 1742 haec
441 1679 540 1743 rebus
555 1678 688 1742 novitas
704 1679 844 1754 conflet,
856 1687 890 1743 et
903 1679 993 1744 unde

41 1805 53 1834 ·“-
76 1793 261 1873 perturbari
280 1793 391 1857 anima
407 1801 441 1856 ct
455 1814 579 1879 corpus
593 1792 809 1879 languescere
825 1795 948 1880 possit,

77 1905 266 1990 expediam:
280 1921 319 1973 tu
334 1907 388 1972 fac
403 1929 445 1973 ne
460 1907 569 1972 ventis
583 1908 688 1972 verba
701 1907 917 1994 profundam.

78 2021 232 2108 principio
250 2037 397 2088 externa
412 2044 536 2108 corpus
553 2021 595 2085 de
609 2031 707 2108 perte
722 2045 896 2088 necessum
913 2036 980 2100 est,

78 2136 163 2199 aeriis
178 2139 348 2222 quoniam
363 2139 505 2202 vicinum
519 2138 667 2222 tangitur
682 2140 787 2214 auris,

81 2249 203 2316 tundier
218 2263 330 2339 atquc
340 2252 387 2316 ab
402 2253 476 2318 ibus
492 2253 612 2317 crebro
627 2253 791 2338 pulsarier
804 2253 888 2328 ictu,

43 2373 65 2416 -s
76 2343 326 2454 'proptereaque
341 2366 481 2431 sereres
496 2390 611 2432 omues
627 2378 684 2433 aut
698 2371 789 2434 corio
805 2378 884 2433 sunt

82 2489 128 2542 aut
143 2484 245 2546 etiam
263 2483 403 2548 conchis
418 2491 475 2548 aut
490 2484 574 2550 callo
590 2492 649 2548 aut
663 2486 788 2549 cortice
803 2491 928 2548 tectae.

84 2590 268 2663 interiorem
285 2599 383 2664 etiam
398 2607 526 2684 partem
541 2599 743 2686 spirantibus
758 2607 816 2665 atr

84 2711 233 2780 verberat
248 2715 306 2780 hic
320 2712 425 2788 idem,
437 2735 511 2776 oum
526 2712 659 2779 ducitur
674 2725 775 2800 atque
791 2715 942 2780 reflatur.

86 2841 177 2904 quare
192 2831 365 2916 utrimque
380 2849 477 2893 secus
493 2850 565 2892 cum
581 2851 704 2915 corpus
719 2830 872 2916 vapulet,
886 2838 919 2895 et
934 2852 1008 2894 cum

45 2947 70 2989 ·'=··=
85 2945 279 3019 perveniant
294 2944 412 3031 plagae
427 2963 487 3029 per
502 2964 607 3029 parva
620 2943 783 3007 foramina
797 2944 893 3007 uobis

87 3058 229 3140 corporis
246 3058 428 3145 adprimus
443 3057 549 3143 partis
565 3058 794 3140 elementaque
810 3057 930 3140 prime.

88 3163 118 3227 fit
131 3173 226 3252 quasi
241 3173 401 3262 paulatim
415 3172 513 3236 nobis
529 3191 589 3256 per
603 3170 751 3234 membra
764 3171 874 3233 ruina.

89 3289 326 3354 conturbantur
341 3289 426 3352 enim
441 3259 612 3374 positurae
627 3285 865 3370 principiorum

91 3397 232 3485 e0l'poris
248 3413 350 3488 atque
365 3402 479 3467 animi.
490 3401 528 3466 fit
542 3402 590 3466 uti
605 3422 685 3488 pars
699 3398 778 3462 inde
794 3397 911 3462 animai

47 3517 73 3560 ³¹⁵
90 3509 234 3596 cicinum,
247 3528 282 3583 et
295 3519 475 3583 introrsum
490 3539 570 3603 pars
586 3515 701 3580 abdita
715 3513 830 3585 cedat,

92 3644 160 3707 pars
175 3636 275 3698 ctiam
291 3633 453 3698 distracta
465 3654 525 3718 per
540 3641 634 3696 artus
648 3653 716 3695 non
732 3637 833 3715 queat
848 3649 921 3692 esse

94 3745 263 3814 coniuncta
275 3749 363 3813 inter
378 3769 414 3811 se
429 3768 539 3832 neque
553 3753 645 3810 motu
660 3755 775 3810 mutua
787 3743 893 3828 fungi:

94 3850 169 3922 iuter
184 3865 271 3928 anim
286 3863 394 3948 saepit
408 3869 526 3926 coetus
539 3868 661 3924 natura
674 3860 827 3943 viasque:

98 3985 166 4056 ergo
181 3999 301 4043 sensus
317 3979 386 4042 abit
401 3976 537 4040 mutatis
552 3974 696 4038 motibus
711 3973 794 4036 alte.

50 4086 80 4131 si·
98 4091 125 4146 et
139 4094 291 4174 quoniam
306 4115 374 4158 non
390 4100 442 4156 est
458 4089 553 4176 quasi
568 4087 663 4173 quod
678 4085 842 4151 suffulciat
856 4093 964 4158 artus,

99 4193 196 4270 debile
210 4209 247 4273 fit
262 4229 403 4294 eorpus,
414 4206 701 4290 languescuntque
717 4200 827 4263 omnia
841 4199 1003 4274 membra,

103 4445 144 4496 ⁹²8
160 4449 251 4506 Possit
269 4455 279 4522 ll
298 4461 347 4505 929
365 4454 463 4506 conllat
482 4453 491 4522 ll
510 4459 558 4504 934
578 4460 657 4520 atque
676 4451 732 4502 eius
750 4451 761 4518 11
780 4453 829 4500 936
847 4448 917 4518 gallo
937 4449 948 4517 ll
965 4453 1014 4500 945
1034 4443 1161 4498 Eliciatur

21 4530 23 4545 '
978 4545 1015 4608 10
