2972 5188
589 454 679 552 ¹rv

101 629 205 696 tando
221 627 414 694 addendum
431 636 566 694 censet.
588 650 651 694 nos
666 635 822 694 neutrum
838 651 1035 717 sequemur,
1051 634 1112 700 sed
1127 636 1209 700 sori·

101 731 216 794 bemus
231 726 323 812 quod
338 727 436 792 unice
451 727 495 793 ad
511 749 582 792 rem
596 727 679 792 facit
689 777 698 808 ,
705 727 791 815 forte
805 751 849 792 nn
860 751 989 794 curu.

182 827 432 890 754.usnrru
454 847 588 890 s1u1n1
610 848 795 890 RATIONE
817 848 969 892 uovsnr
991 827 1073 894 Pas
1095 851 1210 896 3166-

100 946 231 989 necne
254 946 714 1000 nuosnu,cr,rrrn,oun
736 945 862 988 vrnnr
884 926 1207 1002 asous,Nscrr1-

100 1045 173 1088 sus
186 1071 195 1102 ‚
218 1044 338 1086 ocunr
361 1043 515 1098 Arous.
536 1021 591 1086 Ita
611 1021 697 1088 haec
717 1021 882 1107 Forbiger
903 1020 1058 1088 distinxit
1072 1071 1080 1099 ‚
1094 1033 1209 1092 mente

98 1130 207 1195 mota,
218 1129 258 1184 ut
269 1121 439 1206 suspicor,
450 1140 513 1203 per
524 1119 658 1184 leonum
669 1119 848 1184 simulacra
858 1167 865 1184 .
876 1141 1011 1186 versum
1023 1129 1134 1188 autem
1146 1146 1208 1190 suo

99 1219 174 1283 loco
188 1219 330 1304 incisum
344 1239 414 1282 non
429 1239 503 1282 esse
518 1217 608 1284 idem
623 1240 666 1284 ne
681 1217 920 1307 animadvertit
940 1217 1097 1303 quidem,
1118 1223 1209 1288 miri-

98 1317 181 1382 ficus
191 1317 368 1402 magister,
380 1315 446 1395 Qui
457 1316 550 1380 solus
564 1316 646 1402 legit
660 1337 701 1380 ae
712 1315 795 1381 facit
805 1322 926 1401 positas
934 1365 943 1396 ‚
956 1317 1013 1402 qui
1028 1317 1073 1382 ad
1087 1318 1209 1386 librum

99 1437 118 1488 ι,
128 1415 171 1480 54
186 1416 250 1482 sibi
260 1409 424 1480 ‘breviter
444 1413 784 1480 commemorandum'
800 1414 899 1480 duxit
911 1409 963 1479 ‘in
977 1415 1136 1482 Lucretio
1149 1466 1156 1494 ,
1170 1427 1210 1483 ut

98 1514 233 1578 omnino
246 1513 408 1599 plurimos
422 1535 542 1578 versus
551 1513 638 1578 male
653 1514 878 1598 compositos,
888 1513 937 1578 sie
953 1514 1054 1578 etiam
1064 1516 1209 1601 permul-

97 1621 153 1676 tos
164 1612 323 1686 inveniri,
333 1625 397 1675 nec
408 1611 526 1685 tertio,
538 1633 600 1676 nee
613 1618 734 1696 quarto
745 1611 832 1697 pede
843 1611 1024 1697 legitimam
1035 1634 1209 1680 caesuram

97 1709 284 1776 referentes
293 1710 317 1784 ‚⁹
332 1708 458 1776 adhoc
474 1710 635 1795 exemplis
650 1731 732 1776 usus
747 1709 973 1786 huiusmodi,
988 1711 1163 1779 Reddenda
1176 1716 1209 1778 iu

96 1812 216 1874 ratius
232 1817 245 1886 l
269 1832 377 1874 vocare
400 1816 405 1888 Ι
430 1819 459 1874 ec
477 1811 594 1874 sualua
614 1832 741 1888 raian,
767 1809 851 1888 Quid
869 1821 1000 1895 nequeat
1009 1811 1104 1899 finito
1122 1813 1128 1894 Ι
1146 1835 1207 1898 po-

96 1919 186 1972 testas
199 1909 327 1994 datique
341 1909 471 1994 cuique,
494 1929 569 1972 oum
588 1917 707 1991 posset
726 1906 829 1991 paulo
850 1907 976 1972 maiore
999 1930 1073 1973 oum
1096 1911 1208 1994 specie

96 2014 156 2070 aut
169 2004 248 2070 libri
262 2029 288 2070 11
303 2027 439 2071 versum
455 2005 535 2070 1059
549 2004 684 2070 adferre
705 2014 764 2071 aut
785 2026 826 2070 ea
840 2004 884 2070 de
900 2006 1022 2090 quibus
1038 2005 1147 2072 dicam
1163 2007 1208 2074 ed

95 2125 139 2178 vr,
151 2099 233 2168 1067
248 2152 256 2168 .
278 2104 412 2168 saniore
425 2103 552 2168 iudicio
566 2103 731 2168 Marullus
747 2103 886 2188 scripsit
901 2125 949 2166 sr
970 2115 1069 2170 cetera
1083 2153 1092 2184 ,
1115 2106 1209 2190 quod

93 2201 281 2266 Lambinus
292 2199 576 2275 etWakefieldus‚
588 2201 699 2264 omnia
709 2221 871 2284 perverse
882 2200 1096 2288 interpretati
1106 2249 1114 2278 ,
1124 2204 1208 2268 reie-

95 2307 237 2365 cerunt.
257 2321 327 2362 non
340 2299 424 2365 libet
438 2319 554 2362 eorum
568 2306 756 2364 commenta
771 2306 948 2374 excutere,
964 2321 1038 2364 cum
1053 2321 1095 2364 ne
1112 2301 1209 2368 dubi·

93 2397 239 2463 tandum
255 2396 391 2482 quidem
405 2397 450 2460 sit
465 2397 546 2480 quin
559 2396 646 2462 haee
660 2397 708 2462 ita
722 2396 945 2481 concipienda
959 2397 1046 2463 sint.
1068 2399 1157 2464 Scire
1170 2401 1208 2466 li·

94 2508 140 2560 eet
161 2506 291 2560 mentem
311 2496 405 2558 uendi
424 2496 542 2559 ratione
563 2497 700 2575 morem,
722 2495 785 2560 Per
803 2497 971 2562 emaum
994 2519 1155 2562 nronnu
1183 2511 1211 2564 et

93 2605 196 2660 cetera
210 2616 290 2680 qaae
302 2593 382 2658 videt
394 2615 490 2679 aeqeae
504 2593 574 2658 Nee
586 2595 687 2658 minue
700 2615 721 2657 A
731 2615 832 2669 rous
854 2615 975 2658 ocunr
988 2642 995 2657 .
1010 2615 1088 2660 nam
1102 2597 1209 2662 verba

92 2699 270 2777 postrema
282 2691 350 2756 hoc
366 2691 485 2756 ordine
500 2690 680 2756 scribenda
695 2713 771 2756 esse
785 2691 862 2755 Itali
875 2693 941 2756 iem
956 2692 1131 2758 viderunt.

180 2790 249 2855 760.
272 2812 321 2854 or
348 2811 560 2855 vincamus
590 2811 775 2854 cennens
805 2811 884 2854 run
916 2813 990 2866 our
1013 2789 1207 2858 Rsnurrs

92 2910 191 2953 vrrs
213 2909 284 2951 rau
305 2908 413 2951 uons
434 2909 482 2950 nr
503 2907 636 2951 renna
658 2909 881 2950 rorrrnsr.
902 2887 976 2952 Itali
993 2894 1028 2952 et
1042 2889 1207 2956 Marullus

93 3009 165 3050 erem
181 3007 303 3061 ouen.
318 2982 419 3049 iidem
433 2983 519 3048 male
532 2984 607 3046 vitai
615 3030 622 3044 .
633 2983 904 3066 Havercempum
920 2984 1209 3050 etWakefieldum

93 3105 173 3148 oum
188 3081 257 3146 suis
271 3101 341 3144 non
354 3078 477 3163 puduit
492 3099 534 3142 ex
547 3080 672 3143 reddito
687 3079 863 3152 Plautino,
880 3079 974 3162 quod
987 3081 1099 3146 media
1112 3085 1210 3148 brevi

93 3188 167 3254 est,
178 3184 374 3262 portentum
387 3176 483 3240 verbi
497 3175 623 3260 lingere
635 3223 643 3251 ‚
657 3175 748 3240 unde
763 3175 858 3240 lieret
871 3177 991 3240 reddita
1005 3176 1115 3242 media
1129 3199 1208 3262 pro·

93 3279 219 3343 ducta.
232 3275 425 3340 Gronovius
436 3273 480 3340 ad
493 3273 643 3340 Senecae
655 3272 822 3359 Oedipum
834 3274 892 3338 271
910 3275 1044 3340 Reddita
1057 3278 1132 3340 vitai
1143 3279 1209 3342 ἰαηι

91 3375 267 3460 sorspotita
277 3385 337 3448 est,
353 3379 509 3440 contorte
524 3379 559 3438 et
573 3373 766 3459 inproprie.
781 3371 997 3438 scribendum
1010 3381 1063 3440 est
1076 3373 1209 3440 Reddita

93 3496 173 3538 sno
188 3473 250 3536 aila
263 3472 327 3536 iarn
339 3494 436 3536 more.

179 3570 249 3633 766.
271 3569 543 3634 Pisaurense.
565 3569 762 3649 Quadratus
781 3569 964 3655 Propterea.

179 3667 251 3732 766.
273 3688 424 3732 nosris
447 3689 616 3743 nrrrous
638 3690 845 3734 rorrruu.
872 3668 1056 3744 errous
1077 3669 1152 3734 Itali
1175 3679 1210 3734 et
1233 3715 1239 3722 -

92 3765 267 3852 impressi.
656 3817 659 3826 .

178 3860 596 3936 777—817.Monrnous
618 3885 659 3926 in
681 3885 753 3926 urs
774 3885 902 3928 araus
925 3885 1209 3938 conrnuurun.

92 3961 192 4026 Haec
207 3981 366 4046 quoque,
388 3967 427 4024 ut
449 3980 490 4024 ea
511 3979 598 4044 quae
619 3959 721 4044 paulo
737 3969 816 4026 ante
831 3961 1117 4027 consideravimus
1132 3964 1209 4039 706,

93 4059 254 4124 Lucretio
277 4057 472 4143 dignissima
494 4065 595 4131 sunt,
622 4078 691 4122 non
718 4057 964 4143 interpolatore
992 4081 1090 4145 quem
1111 4060 1209 4148 fingit

93 4155 281 4241 Forbiger:
296 4155 359 4222 sed
374 4154 491 4220 eadem
507 4175 617 4240 neque
633 4176 673 4236 ep
690 4155 829 4220 consilio
845 4157 973 4241 scripta
988 4165 1086 4233 sunt,
1100 4165 1140 4223 ut
1155 4179 1209 4224 ce-

93 4255 178 4320 teris
193 4255 243 4318 ita
257 4263 295 4319 ut
313 4253 440 4320 iactum
463 4262 516 4319 est
537 4254 785 4334 insererentur,
801 4275 911 4339 neque
931 4255 1000 4319 ullo
1023 4257 1088 4322 alio
1109 4256 1209 4320 bidus

92 4353 261 4438 poematis
275 4353 352 4418 loco
366 4354 486 4436 reponi
500 4360 666 4438 possunt.
689 4375 765 4418 nem
785 4353 928 4439 primum
948 4354 1035 4420 haec
1053 4362 1208 4438 coeptam

94 4450 361 4535 disputationem
380 4450 649 4535 interrumpunt,
670 4460 710 4516 ut
730 4452 837 4516 lector
857 4473 878 4516 a
893 4473 994 4520 versu
1010 4452 1071 4516 776
1086 4451 1131 4514 ad
1145 4449 1208 4514 818
