2946 5188
258 491 302 560 14
813 491 828 558 Ι

256 664 409 728 omnibus
419 689 426 727 :
438 663 529 727 haud
543 663 643 749 igitur
659 665 836 748 quicquam
851 661 1036 748 procedere
1051 673 1181 748 posset,

254 779 450 865 principium
466 778 620 864 quoniam
636 776 779 842 cedendi
794 778 886 844 nulla
899 777 998 843 daret
1012 799 1081 842 res.

183 911 231 956 330
254 903 289 958 at
303 915 391 957 nunc
405 914 467 978 per
481 895 585 956 maria
599 913 638 956 ac
653 902 761 958 terras
777 894 985 980 sublimaque
1000 892 1081 957 caeli

254 1008 358 1073 multa
371 1007 480 1072 modis
494 1007 605 1072 multis
621 1008 713 1072 varia
727 1009 854 1072 ratione
869 1009 996 1072 moveri

254 1123 417 1188 cernimus
433 1130 512 1186 ante
527 1121 642 1186 oculos
652 1147 660 1200 ς
672 1123 815 1207 quae,si
830 1143 898 1186 non
914 1131 1004 1186 esset
1018 1121 1131 1194 inane,

254 1259 323 1301 non
338 1245 406 1302 tam
421 1237 563 1302 sollicito
579 1245 672 1302 motu
686 1239 819 1325 privata
833 1243 988 1302 carerent

256 1373 355 1437 quam
369 1353 481 1438 genita
497 1352 630 1416 omnino
646 1352 738 1417 nulla
750 1353 882 1418 ratione
896 1349 1054 1425 fuissent,

182 1483 230 1530 333
253 1466 402 1550 undiquc
416 1467 570 1529 materies
586 1446 741 1549 quoniam
757 1467 884 1550 stipata
897 1465 1061 1549 quiesset.

253 1587 429 1666 praetcrea
443 1579 593 1664 quamvis
607 1576 735 1642 aolidae
749 1599 804 1642 res
820 1598 894 1642 esse
909 1585 1085 1663 putentur,

194 1719 197 1726 ·
253 1694 332 1758 hinc
347 1700 457 1757 tamen
472 1713 546 1756 esse
560 1691 638 1756 licet
651 1700 729 1757 raro
745 1713 818 1756 eum
834 1713 977 1776 corpore
992 1713 1125 1758 cernas.

254 1811 288 1872 in
302 1807 393 1872 saxis
408 1827 447 1870 ae
462 1806 630 1906 speimcis
644 1815 817 1892 permanat
831 1827 993 1891 aquarum

253 1920 400 2008 liquidus
413 1942 510 1986 umor
525 1928 558 1985 et
572 1921 730 1987 uberibus
745 1921 826 1988 flent
841 1925 952 1988 omnia
965 1923 1084 2009 guttis.

181 2055 230 2102 300
253 2036 396 2122 dissipat
408 2037 443 2100 in
457 2057 581 2122 corpus
595 2057 669 2101 sese
685 2037 779 2102 cibus
794 2059 891 2102 omne
906 2038 1123 2102 animantum:

254 2157 411 2217 crescunt
424 2151 563 2216 arbusta
578 2159 612 2214 et
626 2150 715 2216 fetus
729 2151 763 2215 in
777 2159 928 2238 tempore
942 2150 1105 2224 fundunt,

253 2266 346 2355 quod
362 2267 456 2332 cibus
470 2265 505 2330 in
520 2274 609 2332 totas
623 2286 731 2351 usque
746 2266 788 2330 ab
803 2264 971 2332 radicibus
985 2265 1058 2330 imis

218 2363 223 2378 ’
251 2403 313 2470 per
326 2389 465 2447 truncos
479 2401 519 2446 ac
533 2401 594 2465 per
608 2401 720 2446 ramos
735 2379 931 2446 diffunditur
945 2381 1066 2446 omnis.
1086 2407 1088 2410 ¹

252 2497 338 2560 inter
354 2505 471 2580 saepta
484 2503 596 2558 meant
609 2515 712 2558 voces
728 2503 762 2558 et
777 2494 890 2559 clausa
905 2485 1079 2560 domorum

178 2627 227 2673 ³55
249 2609 487 2674 transvolitant
496 2656 503 2682 ,
513 2605 656 2692 rigidum
669 2617 843 2694 permanat
856 2607 962 2693 frigus
976 2607 1020 2673 ad
1035 2629 1129 2674 ossa.

251 2723 345 2809 quod
361 2723 423 2787 nisi
437 2721 547 2786 inania
561 2720 644 2796 sint,
657 2743 724 2806 qua
737 2731 878 2808 possent
892 2743 1037 2806 corpora
1051 2744 1204 2808 quaeque

250 2839 393 2903 transire
408 2836 499 2902 haud
514 2836 583 2900 ulla
596 2835 666 2899 fieri
681 2837 810 2901 ratione
825 2834 974 2900 videres.

251 2951 396 3038 denique
411 2973 470 3016 cur
485 2951 566 3016 alias
581 2951 652 3016 aliis
666 2958 839 3036 praestare
854 2949 1004 3014 videmus

249 3065 401 3154 pondere
415 3089 470 3132 res
484 3068 586 3133 rebus
599 3066 667 3130 nilo
682 3067 806 3132 maiore
820 3063 949 3153 tigrua?

179 3197 228 3245 300
249 3202 325 3246 nam
340 3183 368 3246 si
382 3178 614 3246 tantundemst
627 3182 661 3245 in
675 3182 771 3246 lanae
786 3181 934 3266 glomere
949 3187 1109 3264 quantum

250 3296 403 3382 corporis
418 3295 452 3358 in
465 3295 602 3379 plumbo
618 3301 687 3370 est,
700 3292 895 3358 tantundem
910 3293 1058 3377 pendere
1072 3315 1134 3380 par
1150 3302 1216 3370 est;

251 3409 401 3496 corporis
417 3407 594 3472 officiumst
608 3408 763 3490 quoniam
778 3427 928 3493 premere
944 3407 1053 3470 omnia
1069 3407 1242 3483 deorsum,

249 3531 367 3588 contra
380 3529 491 3586 autem
506 3529 626 3584 natura
638 3528 751 3584 manet
766 3520 836 3584 sine
851 3519 1001 3607 pondere
1015 3521 1138 3588 inanis.
1460 3593 1461 3596 ,

251 3657 330 3721 ergo
347 3633 439 3720 quod
454 3643 642 3720 magnumst
656 3654 763 3718 aeque
777 3633 949 3720 leviusque
964 3634 1112 3711 videtur,
1460 3615 1461 3708 1

177 3767 226 3813 ace
248 3751 283 3814 ni
296 3749 429 3823 mirum,
440 3749 516 3836 plus
532 3771 605 3814 csse
620 3749 682 3813 sibi
700 3745 850 3813 declarat
863 3749 987 3814 inanis:

249 3872 285 3929 at
299 3873 416 3928 contra
430 3863 564 3949 gravius
578 3863 654 3948 plus
669 3863 703 3926 in
718 3851 755 3928 se
769 3864 922 3950 corporis
938 3885 1012 3928 esse

250 3978 385 4044 dedicat
400 3987 434 4042 ct
447 3978 550 4042 multo
565 3995 706 4042 vacuum
719 3977 827 4043 minus
840 3979 932 4044 intus
946 3976 1085 4064 habere.

250 4163 451 4172 .----.-

250 4263 298 4310 347
318 4255 410 4308 liceret
437 4255 447 4322 11
473 4262 523 4308 ate
541 4257 606 4308 fient
633 4257 643 4324 11
671 4261 719 4308 352
747 4255 886 4309 redicimus
913 4256 924 4322 11
952 4261 1000 4306 357
1028 4255 1081 4309 ulla
1099 4255 1218 4310 animent
1236 4259 1339 4312 ratione
1361 4253 1371 4322 11

252 4345 301 4392 306
321 4339 378 4392 Aut
