<?xml version="1.0" encoding="UTF-8"?>
<!DOCTYPE html PUBLIC "-//W3C//DTD XHTML 1.0 Transitional//EN"
    "http://www.w3.org/TR/xhtml1/DTD/xhtml1-transitional.dtd">
<html xmlns="http://www.w3.org/1999/xhtml" xml:lang="en" lang="en">
 <head>
  <title>
</title>
<meta http-equiv="Content-Type" content="text/html;charset=utf-8" />
  <meta name='ocr-system' content='tesseract 3.04.00' />
  <meta name='ocr-capabilities' content='ocr_page ocr_carea ocr_par ocr_line ocrx_word'/>
</head>
<body>
  <div class='ocr_page' id='page_1' title='image "./intlucretiicari00lachgoog_0045.png"; bbox 0 0 2946 5188; ppageno 0'>
   <div class='ocr_carea' id='block_1_1' title="bbox 368 1332 1281 1661">
    <p class='ocr_par' dir='ltr' id='par_1_1' title="bbox 368 1332 1281 1661">
     <span class='ocr_line' id='line_1_1' title="bbox 548 1332 1092 1417; baseline -0.002 0"><span class='ocrx_word' id='word_1_1' title='bbox 548 1335 592 1417; x_wconf 83' lang='lat' dir='ltr'>r.</span> <span class='ocrx_word' id='word_1_2' title='bbox 630 1333 905 1417; x_wconf 80' lang='lat' dir='ltr'>nuceum</span> <span class='ocrx_word' id='word_1_3' title='bbox 942 1332 1092 1416; x_wconf 78' lang='lat' dir='ltr'>caru</span> 
     </span>
     <span class='ocr_line' id='line_1_2' title="bbox 368 1557 1281 1661; baseline 0.003 -3"><span class='ocrx_word' id='word_1_4' title='bbox 368 1557 477 1658; x_wconf 87' lang='lat' dir='ltr'>DE</span> <span class='ocrx_word' id='word_1_5' title='bbox 532 1557 846 1659; x_wconf 81' lang='lat' dir='ltr'><strong>RERUM</strong></span> <span class='ocrx_word' id='word_1_6' title='bbox 897 1557 1281 1661; x_wconf 79' lang='lat' dir='ltr'><strong>NATURA</strong></span> 
     </span>
    </p>
   </div>
   <div class='ocr_carea' id='block_1_2' title="bbox 567 1801 1078 1868">
    <p class='ocr_par' dir='ltr' id='par_1_2' title="bbox 567 1801 1078 1868">
     <span class='ocr_line' id='line_1_3' title="bbox 567 1801 1078 1868; baseline 0 -2"><span class='ocrx_word' id='word_1_7' title='bbox 567 1802 733 1866; x_wconf 86' lang='lat' dir='ltr'><strong>LIBER</strong></span> <span class='ocrx_word' id='word_1_8' title='bbox 769 1801 1078 1868; x_wconf 88' lang='lat' dir='ltr'>SECUNDUS.</span> 
     </span>
    </p>
   </div>
   <div class='ocr_carea' id='block_1_3' title="bbox 264 2281 1160 2413">
    <p class='ocr_par' dir='ltr' id='par_1_3' title="bbox 264 2281 1160 2413">
     <span class='ocr_line' id='line_1_4' title="bbox 264 2281 1160 2413; baseline 0.001 -23"><span class='ocrx_word' id='word_1_9' title='bbox 264 2281 389 2391; x_wconf 80' lang='lat' dir='ltr'>Suave</span> <span class='ocrx_word' id='word_1_10' title='bbox 399 2376 407 2402; x_wconf 91' lang='lat'>‚</span> <span class='ocrx_word' id='word_1_11' title='bbox 417 2327 500 2390; x_wconf 89' lang='lat' dir='ltr'>mari</span> <span class='ocrx_word' id='word_1_12' title='bbox 513 2347 633 2413; x_wconf 84' lang='lat' dir='ltr'>magno</span> <span class='ocrx_word' id='word_1_13' title='bbox 649 2327 860 2392; x_wconf 79' lang='lat' dir='ltr'><strong>turbantibus</strong></span> <span class='ocrx_word' id='word_1_14' title='bbox 875 2346 1024 2410; x_wconf 89' lang='lat' dir='ltr'>aequora</span> <span class='ocrx_word' id='word_1_15' title='bbox 1037 2327 1160 2400; x_wconf 86' lang='lat' dir='ltr'>ventis,</span> 
     </span>
    </p>
   </div>
   <div class='ocr_carea' id='block_1_4' title="bbox 136 2439 1228 4228">
    <p class='ocr_par' dir='ltr' id='par_1_4' title="bbox 136 2439 1228 4228">
     <span class='ocr_line' id='line_1_5' title="bbox 260 2439 1047 2524; baseline 0 -22"><span class='ocrx_word' id='word_1_16' title='bbox 260 2461 278 2502; x_wconf 97' lang='lat' dir='ltr'>e</span> <span class='ocrx_word' id='word_1_17' title='bbox 293 2447 383 2502; x_wconf 88' lang='lat' dir='ltr'>terra</span> <span class='ocrx_word' id='word_1_18' title='bbox 398 2461 549 2524; x_wconf 88' lang='lat' dir='ltr'>magnum</span> <span class='ocrx_word' id='word_1_19' title='bbox 565 2440 700 2504; x_wconf 87' lang='lat' dir='ltr'>alterius</span> <span class='ocrx_word' id='word_1_20' title='bbox 715 2447 868 2524; x_wconf 86' lang='lat' dir='ltr'>spectare</span> <span class='ocrx_word' id='word_1_21' title='bbox 883 2439 1047 2512; x_wconf 70' lang='lat' dir='ltr'>laborem</span> 
     </span>
     <span class='ocr_line' id='line_1_6' title="bbox 259 2550 1143 2638; baseline 0.002 -24"><span class='ocrx_word' id='word_1_22' title='bbox 259 2573 328 2616; x_wconf 90' lang='lat' dir='ltr'>non</span> <span class='ocrx_word' id='word_1_23' title='bbox 343 2554 423 2635; x_wconf 92' lang='lat' dir='ltr'>quia</span> <span class='ocrx_word' id='word_1_24' title='bbox 436 2553 551 2616; x_wconf 87' lang='lat' dir='ltr'>vexari</span> <span class='ocrx_word' id='word_1_25' title='bbox 566 2561 797 2636; x_wconf 80' lang='lat' dir='ltr'><strong>quemquamst</strong></span> <span class='ocrx_word' id='word_1_26' title='bbox 811 2550 957 2615; x_wconf 90' lang='lat' dir='ltr'>iucunda</span> <span class='ocrx_word' id='word_1_27' title='bbox 970 2552 1143 2638; x_wconf 86' lang='lat' dir='ltr'>voluptas,</span> 
     </span>
     <span class='ocr_line' id='line_1_7' title="bbox 262 2665 1228 2750; baseline 0 -20"><span class='ocrx_word' id='word_1_28' title='bbox 262 2665 324 2730; x_wconf 90' lang='lat' dir='ltr'>sed</span> <span class='ocrx_word' id='word_1_29' title='bbox 338 2667 459 2750; x_wconf 87' lang='lat' dir='ltr'>quibus</span> <span class='ocrx_word' id='word_1_30' title='bbox 473 2667 546 2750; x_wconf 90' lang='lat' dir='ltr'>ipse</span> <span class='ocrx_word' id='word_1_31' title='bbox 560 2665 653 2728; x_wconf 84' lang='lat' dir='ltr'>malis</span> <span class='ocrx_word' id='word_1_32' title='bbox 668 2685 784 2730; x_wconf 88' lang='lat' dir='ltr'>careas</span> <span class='ocrx_word' id='word_1_33' title='bbox 800 2665 877 2749; x_wconf 88' lang='lat' dir='ltr'>quia</span> <span class='ocrx_word' id='word_1_34' title='bbox 892 2686 1028 2731; x_wconf 88' lang='lat' dir='ltr'>cernere</span> <span class='ocrx_word' id='word_1_35' title='bbox 1043 2687 1147 2730; x_wconf 88' lang='lat' dir='ltr'>suave</span> <span class='ocrx_word' id='word_1_36' title='bbox 1162 2675 1228 2730; x_wconf 88' lang='lat' dir='ltr'>est:</span> 
     </span>
     <span class='ocr_line' id='line_1_8' title="bbox 213 2779 1074 2864; baseline 0 -22"><span class='ocrx_word' id='word_1_37' title='bbox 213 2797 227 2842; x_wconf 84' lang='lat' dir='ltr'>s</span> <span class='ocrx_word' id='word_1_38' title='bbox 259 2801 360 2844; x_wconf 89' lang='lat' dir='ltr'>suave</span> <span class='ocrx_word' id='word_1_39' title='bbox 377 2779 473 2842; x_wconf 92' lang='lat' dir='ltr'>etiam</span> <span class='ocrx_word' id='word_1_40' title='bbox 487 2779 565 2842; x_wconf 92' lang='lat' dir='ltr'>belli</span> <span class='ocrx_word' id='word_1_41' title='bbox 580 2780 759 2843; x_wconf 89' lang='lat' dir='ltr'>certamina</span> <span class='ocrx_word' id='word_1_42' title='bbox 773 2801 893 2864; x_wconf 88' lang='lat' dir='ltr'>magna</span> <span class='ocrx_word' id='word_1_43' title='bbox 906 2779 992 2844; x_wconf 87' lang='lat' dir='ltr'>tueri</span> <span class='ocrx_word' id='word_1_44' title='bbox 1073 2803 1074 2806; x_wconf 44' lang='lat'>¹</span> 
     </span>
     <span class='ocr_line' id='line_1_9' title="bbox 216 2893 1073 2982; baseline 0.001 -25"><span class='ocrx_word' id='word_1_45' title='bbox 216 2912 230 2957; x_wconf 79' lang='lat' dir='ltr'>a</span> <span class='ocrx_word' id='word_1_46' title='bbox 260 2914 320 2982; x_wconf 94' lang='lat' dir='ltr'>per</span> <span class='ocrx_word' id='word_1_47' title='bbox 335 2915 471 2979; x_wconf 88' lang='lat' dir='ltr'>campos</span> <span class='ocrx_word' id='word_1_48' title='bbox 486 2894 665 2968; x_wconf 87' lang='lat' dir='ltr'>instructa,</span> <span class='ocrx_word' id='word_1_49' title='bbox 676 2901 734 2958; x_wconf 90' lang='lat' dir='ltr'>tua</span> <span class='ocrx_word' id='word_1_50' title='bbox 748 2894 818 2958; x_wconf 88' lang='lat' dir='ltr'>sine</span> <span class='ocrx_word' id='word_1_51' title='bbox 834 2902 929 2979; x_wconf 90' lang='lat' dir='ltr'>parte</span> <span class='ocrx_word' id='word_1_52' title='bbox 943 2893 1073 2979; x_wconf 89' lang='lat' dir='ltr'>pericli:</span> 
     </span>
     <span class='ocr_line' id='line_1_10' title="bbox 214 2987 1086 3094; baseline 0 -22"><span class='ocrx_word' id='word_1_53' title='bbox 214 3025 228 3072; x_wconf 78' lang='lat'><strong>7</strong></span> <span class='ocrx_word' id='word_1_54' title='bbox 260 2987 381 3074; x_wconf 18' lang='lat' dir='ltr'>sed-nil</span> <span class='ocrx_word' id='word_1_55' title='bbox 396 3006 525 3072; x_wconf 84' lang='lat' dir='ltr'>dulcius</span> <span class='ocrx_word' id='word_1_56' title='bbox 541 3016 608 3084; x_wconf 87' lang='lat' dir='ltr'>est,</span> <span class='ocrx_word' id='word_1_57' title='bbox 619 3009 705 3074; x_wconf 86' lang='lat' dir='ltr'>bene</span> <span class='ocrx_word' id='word_1_58' title='bbox 721 3031 819 3094; x_wconf 89' lang='lat' dir='ltr'>quam</span> <span class='ocrx_word' id='word_1_59' title='bbox 832 3009 958 3073; x_wconf 89' lang='lat' dir='ltr'>munita</span> <span class='ocrx_word' id='word_1_60' title='bbox 971 3016 1086 3072; x_wconf 87' lang='lat' dir='ltr'>tenere</span> 
     </span>
     <span class='ocr_line' id='line_1_11' title="bbox 260 3123 1005 3211; baseline -0.003 -23"><span class='ocrx_word' id='word_1_61' title='bbox 260 3123 351 3189; x_wconf 86' lang='lat' dir='ltr'>edita</span> <span class='ocrx_word' id='word_1_62' title='bbox 366 3124 519 3188; x_wconf 89' lang='lat' dir='ltr'>doctrine</span> <span class='ocrx_word' id='word_1_63' title='bbox 532 3123 719 3209; x_wconf 88' lang='lat' dir='ltr'>sapientum</span> <span class='ocrx_word' id='word_1_64' title='bbox 734 3124 857 3211; x_wconf 88' lang='lat' dir='ltr'>templa</span> <span class='ocrx_word' id='word_1_65' title='bbox 872 3143 1005 3197; x_wconf 87' lang='lat' dir='ltr'>serena,</span> 
     </span>
     <span class='ocr_line' id='line_1_12' title="bbox 184 3235 1089 3324; baseline -0.004 -22"><span class='ocrx_word' id='word_1_66' title='bbox 184 3245 190 3260; x_wconf 78' lang='lat'><em>⁶</em></span> <span class='ocrx_word' id='word_1_67' title='bbox 261 3238 435 3324; x_wconf 83' lang='lat' dir='ltr'>despicere</span> <span class='ocrx_word' id='word_1_68' title='bbox 448 3237 539 3301; x_wconf 89' lang='lat' dir='ltr'>unde</span> <span class='ocrx_word' id='word_1_69' title='bbox 555 3258 659 3322; x_wconf 83' lang='lat' dir='ltr'>queas</span> <span class='ocrx_word' id='word_1_70' title='bbox 674 3237 757 3300; x_wconf 89' lang='lat' dir='ltr'>alios</span> <span class='ocrx_word' id='word_1_71' title='bbox 770 3238 961 3322; x_wconf 84' lang='lat' dir='ltr'>passimque</span> <span class='ocrx_word' id='word_1_72' title='bbox 975 3235 1089 3299; x_wconf 90' lang='lat' dir='ltr'>videre</span> 
     </span>
     <span class='ocr_line' id='line_1_13' title="bbox 201 3350 1042 3436; baseline -0.005 -20"><span class='ocrx_word' id='word_1_73' title='bbox 201 3371 230 3416; x_wconf 84' lang='lat'>10</span> <span class='ocrx_word' id='word_1_74' title='bbox 262 3373 372 3416; x_wconf 89' lang='lat' dir='ltr'>errare</span> <span class='ocrx_word' id='word_1_75' title='bbox 387 3359 488 3436; x_wconf 88' lang='lat' dir='ltr'>atque</span> <span class='ocrx_word' id='word_1_76' title='bbox 503 3352 588 3413; x_wconf 88' lang='lat' dir='ltr'>viam</span> <span class='ocrx_word' id='word_1_77' title='bbox 604 3350 746 3435; x_wconf 86' lang='lat' dir='ltr'>palantis</span> <span class='ocrx_word' id='word_1_78' title='bbox 762 3369 923 3434; x_wconf 85' lang='lat' dir='ltr'>quaerere</span> <span class='ocrx_word' id='word_1_79' title='bbox 937 3351 1042 3424; x_wconf 87' lang='lat' dir='ltr'>vitae,</span> 
     </span>
     <span class='ocr_line' id='line_1_14' title="bbox 260 3461 976 3550; baseline -0.007 -20"><span class='ocrx_word' id='word_1_80' title='bbox 260 3473 389 3530; x_wconf 88' lang='lat' dir='ltr'>certare</span> <span class='ocrx_word' id='word_1_81' title='bbox 403 3465 536 3550; x_wconf 82' lang='lat' dir='ltr'>ingenio</span> <span class='ocrx_word' id='word_1_82' title='bbox 546 3511 554 3538; x_wconf 85' lang='lat'><strong><em>‚</em></strong></span> <span class='ocrx_word' id='word_1_83' title='bbox 566 3461 772 3526; x_wconf 83' lang='lat' dir='ltr'>contendere</span> <span class='ocrx_word' id='word_1_84' title='bbox 786 3462 976 3536; x_wconf 87' lang='lat' dir='ltr'>nobilitate,</span> 
     </span>
     <span class='ocr_line' id='line_1_15' title="bbox 136 3575 994 3664; baseline -0.003 -21"><span class='ocrx_word' id='word_1_85' title='bbox 136 3648 141 3658; x_wconf 62' lang='grc'><strong>,</strong></span> <span class='ocrx_word' id='word_1_86' title='bbox 260 3587 379 3643; x_wconf 88' lang='lat' dir='ltr'>noctes</span> <span class='ocrx_word' id='word_1_87' title='bbox 394 3586 496 3662; x_wconf 88' lang='lat' dir='ltr'>atque</span> <span class='ocrx_word' id='word_1_88' title='bbox 512 3575 583 3640; x_wconf 90' lang='lat' dir='ltr'>dies</span> <span class='ocrx_word' id='word_1_89' title='bbox 597 3577 657 3641; x_wconf 92' lang='lat' dir='ltr'>niti</span> <span class='ocrx_word' id='word_1_90' title='bbox 672 3583 864 3664; x_wconf 80' lang='lat' dir='ltr'>praestante</span> <span class='ocrx_word' id='word_1_91' title='bbox 877 3576 994 3641; x_wconf 91' lang='lat' dir='ltr'>labore</span> 
     </span>
     <span class='ocr_line' id='line_1_16' title="bbox 261 3690 1063 3776; baseline -0.005 -18"><span class='ocrx_word' id='word_1_92' title='bbox 261 3692 305 3758; x_wconf 89' lang='lat' dir='ltr'>ad</span> <span class='ocrx_word' id='word_1_93' title='bbox 320 3713 464 3758; x_wconf 90' lang='lat' dir='ltr'>summas</span> <span class='ocrx_word' id='word_1_94' title='bbox 480 3712 647 3776; x_wconf 86' lang='lat' dir='ltr'>emergere</span> <span class='ocrx_word' id='word_1_95' title='bbox 663 3712 745 3775; x_wconf 90' lang='lat' dir='ltr'>opes</span> <span class='ocrx_word' id='word_1_96' title='bbox 759 3711 936 3775; x_wconf 89' lang='lat' dir='ltr'>rerumque</span> <span class='ocrx_word' id='word_1_97' title='bbox 950 3690 1063 3776; x_wconf 89' lang='lat' dir='ltr'>potiri.</span> 
     </span>
     <span class='ocr_line' id='line_1_17' title="bbox 261 3806 1088 3890; baseline -0.004 -19"><span class='ocrx_word' id='word_1_98' title='bbox 261 3829 281 3871; x_wconf 91' lang='lat' dir='ltr'><strong>o</strong></span> <span class='ocrx_word' id='word_1_99' title='bbox 295 3807 433 3871; x_wconf 86' lang='lat' dir='ltr'>miseras</span> <span class='ocrx_word' id='word_1_100' title='bbox 447 3807 616 3870; x_wconf 90' lang='lat' dir='ltr'>hominum</span> <span class='ocrx_word' id='word_1_101' title='bbox 630 3813 774 3879; x_wconf 86' lang='lat' dir='ltr'>mentes,</span> <span class='ocrx_word' id='word_1_102' title='bbox 786 3826 806 3868; x_wconf 93' lang='lat' dir='ltr'>o</span> <span class='ocrx_word' id='word_1_103' title='bbox 821 3813 961 3890; x_wconf 86' lang='lat' dir='ltr'>pectora</span> <span class='ocrx_word' id='word_1_104' title='bbox 975 3806 1088 3869; x_wconf 87' lang='lat' dir='ltr'>caeca!</span> 
     </span>
     <span class='ocr_line' id='line_1_18' title="bbox 199 3919 1095 4010; baseline -0.002 -26"><span class='ocrx_word' id='word_1_105' title='bbox 199 3939 229 3984; x_wconf 80' lang='lat'>15</span> <span class='ocrx_word' id='word_1_106' title='bbox 261 3921 415 4006; x_wconf 82' lang='lat' dir='ltr'>qualibus</span> <span class='ocrx_word' id='word_1_107' title='bbox 429 3921 464 3984; x_wconf 91' lang='lat' dir='ltr'>iu</span> <span class='ocrx_word' id='word_1_108' title='bbox 478 3919 626 3984; x_wconf 87' lang='lat' dir='ltr'>tenebris</span> <span class='ocrx_word' id='word_1_109' title='bbox 640 3920 729 3983; x_wconf 90' lang='lat' dir='ltr'>vitae</span> <span class='ocrx_word' id='word_1_110' title='bbox 745 3920 947 4010; x_wconf 81' lang='lat' dir='ltr'>quantisque</span> <span class='ocrx_word' id='word_1_111' title='bbox 961 3919 1095 4005; x_wconf 89' lang='lat' dir='ltr'>periclis</span> 
     </span>
     <span class='ocr_line' id='line_1_19' title="bbox 261 4031 1126 4120; baseline -0.003 -22"><span class='ocrx_word' id='word_1_112' title='bbox 261 4035 393 4120; x_wconf 83' lang='lat' dir='ltr'>degitur</span> <span class='ocrx_word' id='word_1_113' title='bbox 406 4035 472 4098; x_wconf 91' lang='lat' dir='ltr'>hoc</span> <span class='ocrx_word' id='word_1_114' title='bbox 488 4035 560 4098; x_wconf 90' lang='lat' dir='ltr'>aevi</span> <span class='ocrx_word' id='word_1_115' title='bbox 577 4033 668 4118; x_wconf 92' lang='lat' dir='ltr'>quod</span> <span class='ocrx_word' id='word_1_116' title='bbox 684 4035 873 4118; x_wconf 85' lang='lat' dir='ltr'>cumquest!</span> <span class='ocrx_word' id='word_1_117' title='bbox 885 4054 997 4098; x_wconf 90' lang='lat' dir='ltr'>noune</span> <span class='ocrx_word' id='word_1_118' title='bbox 1010 4031 1126 4098; x_wconf 90' lang='lat' dir='ltr'>videre</span> 
     </span>
     <span class='ocr_line' id='line_1_20' title="bbox 260 4148 1014 4228; baseline -0.003 -16"><span class='ocrx_word' id='word_1_119' title='bbox 260 4149 305 4212; x_wconf 91' lang='lat' dir='ltr'>nil</span> <span class='ocrx_word' id='word_1_120' title='bbox 320 4148 410 4212; x_wconf 90' lang='lat' dir='ltr'>aliud</span> <span class='ocrx_word' id='word_1_121' title='bbox 425 4149 487 4213; x_wconf 88' lang='lat' dir='ltr'>sibi</span> <span class='ocrx_word' id='word_1_122' title='bbox 501 4157 653 4212; x_wconf 88' lang='lat' dir='ltr'>naturam</span> <span class='ocrx_word' id='word_1_123' title='bbox 668 4148 807 4228; x_wconf 75' lang='lat' dir='ltr'>latrare¹</span> <span class='ocrx_word' id='word_1_124' title='bbox 818 4149 882 4211; x_wconf 90' lang='lat' dir='ltr'>nisi</span> <span class='ocrx_word' id='word_1_125' title='bbox 896 4155 950 4220; x_wconf 86' lang='lat' dir='ltr'>ut,</span> <span class='ocrx_word' id='word_1_126' title='bbox 963 4148 1014 4211; x_wconf 89' lang='lat' dir='ltr'>cui</span> 
     </span>
    </p>
   </div>
   <div class='ocr_carea' id='block_1_5' title="bbox 264 4393 813 4466">
    <p class='ocr_par' dir='ltr' id='par_1_5' title="bbox 264 4393 813 4466">
     <span class='ocr_line' id='line_1_21' title="bbox 264 4393 813 4466; baseline -0.009 -18"><span class='ocrx_word' id='word_1_127' title='bbox 264 4401 294 4448; x_wconf 84' lang='lat'>12</span> <span class='ocrx_word' id='word_1_128' title='bbox 313 4395 437 4466; x_wconf 81' lang='lat' dir='ltr'>plabore.</span> <span class='ocrx_word' id='word_1_129' title='bbox 456 4393 466 4461; x_wconf 67' lang='lat' dir='ltr'>il</span> <span class='ocrx_word' id='word_1_130' title='bbox 489 4401 517 4446; x_wconf 85' lang='lat'>15</span> <span class='ocrx_word' id='word_1_131' title='bbox 536 4393 658 4464; x_wconf 81' lang='lat' dir='ltr'>perietis.</span> <span class='ocrx_word' id='word_1_132' title='bbox 677 4394 687 4463; x_wconf 73' lang='grc' dir='ltr'>Η</span> <span class='ocrx_word' id='word_1_133' title='bbox 708 4401 737 4448; x_wconf 84' lang='grc'>17</span> <span class='ocrx_word' id='word_1_134' title='bbox 757 4395 813 4464; x_wconf 86' lang='lat' dir='ltr'>qui.</span> 
     </span>
    </p>
   </div>
   <div class='ocr_carea' id='block_1_6' title="bbox 0 0 1478 5188">
    <p class='ocr_par' dir='ltr' id='par_1_6' title="bbox 0 0 1478 5188">
     <span class='ocr_line' id='line_1_22' title="bbox 0 0 1478 5188; baseline 0 0"><span class='ocrx_word' id='word_1_135' title='bbox 0 0 1478 5188; x_wconf 95' lang='lat' dir='ltr'> </span> 
     </span>
    </p>
   </div>
  </div>
 </body>
</html>
