3034 5198
671 517 687 586 1
917 465 920 480 ’
1188 522 1233 588 cr

118 681 151 756 i'n
167 689 332 756 fastorum
347 712 391 765 iv,
400 689 462 754 456
472 689 609 756 videtur
620 689 733 778 potius
749 692 926 777 scripsisse
928 693 1003 782 filia
1013 740 1020 766 ‚
1032 694 1125 768 dicit,
1135 695 1213 759 ubist
1219 695 1234 759 2

120 809 220 875 quem
235 789 329 852 edis.
351 809 429 852 uam
443 813 474 852 es
488 789 536 853 ita
550 795 742 854 truncatum
757 797 894 875 praeter
909 811 1007 874 quam
1023 792 1116 876 apud
1132 794 1233 858 eomi-

119 907 178 952 eos
200 886 371 952 rarissime
392 887 581 952 invenietur
604 939 610 952 .
640 888 789 953 Lucilius
811 887 902 974 apud
923 889 1069 954 Nonium
1090 911 1122 976 p.
1137 891 1184 966 16,
1193 891 1233 954 27

119 1009 193 1050 irata
207 997 239 1048 tu
252 986 326 1049 soln’
342 985 434 1070 (libri
444 988 678 1070 mnutttusolis)
693 987 769 1050 mitt
782 989 815 1050 iu
828 1011 938 1073 triopae
952 1011 1106 1062 mucrore,
1126 989 1237 1054 Tmsti·'

119 1085 162 1146 tiu
176 1085 209 1146 in
223 1103 342 1147 curmae
357 1095 385 1146 et
399 1107 525 1168 crepera
540 1107 573 1148 re
588 1083 685 1168 (libri
697 1107 815 1148 mmtno
829 1086 975 1171 crepero)
987 1135 994 1162 ‚
1008 1088 1136 1152 terete
1149 1088 1233 1152 saltt-

119 1183 181 1244 αἰ.
197 1182 230 1245 in
246 1179 369 1246 Catulli
384 1181 530 1246 carmine
546 1181 595 1256 66,
604 1181 644 1246 27
660 1183 786 1268 adeptus
801 1181 876 1246 libri
891 1204 954 1268 pro
969 1185 1102 1268 udeptds
1119 1233 1125 1246 .
1148 1183 1246 1248 dixit·
1310 1245 1312 1250 .

120 1287 232 1344 mmen
246 1279 412 1345 Martialis
431 1299 568 1365 quoque
587 1281 622 1346 iu
642 1282 735 1346 exitu
757 1289 1043 1368 pentametrorum
1062 1283 1184 1346 uetulu's
1198 1291 1234 1346 ct
1322 1313 1325 1319 Δ

116 1378 229 1451 fatiscis
240 1400 288 1452 ιιι,
299 1375 340 1441 32
351 1378 370 1441 7
372 1376 528 1454 2,]ιοιηοί
540 1387 650 1444 autem
663 1379 828 1464 septiens.
839 1380 874 1444 in
886 1378 1004 1444 eadem
1014 1401 1135 1444 versus
1150 1379 1232 1450 sede

119 1497 190 1540 non
212 1497 326 1540 omues
344 1499 375 1540 m
390 1476 537 1542 litteram
559 1499 633 1542 cum
654 1479 761 1544 verbo
784 1478 998 1544 substantivo
1021 1477 1232 1542 colliserunt.

121 1572 273 1638 Catullus
291 1577 485 1651 miserrmus,
508 1575 707 1660 Propertius
716 1588 884 1663 pertimet,
904 1577 1072 1654 demumst,
1090 1578 1232 1654 uimmst,

120 1668 263 1736 Ovidius
275 1675 417 1736 malumst
431 1693 532 1737 amor.
545 1675 762 1749 11‚9‚cirnmst
777 1672 902 1738 remed.
913 1673 970 1749 60,
980 1686 1107 1738 mesanam
1123 1673 1199 1738 fast.
1210 1696 1232 1752 1,

122 1769 197 1842 120,
210 1771 420 1836 adsederiumst
433 1771 517 1835 trist.
528 1795 562 1848 ιι,
572 1773 652 1847 430,
667 1783 794 1837 meumst
807 1793 856 1844 ιιι,
868 1771 906 1834 14
921 1817 930 1844 ,
949 1782 1060 1836 certmst
1072 1793 1102 1841 v,
1113 1771 1156 1845 9.
1174 1771 1232 1856 qui

119 1867 256 1952 scripsit
267 1866 444 1952 epistulam
455 1869 599 1934 Medeae
609 1881 751 1944 meunt-st,
766 1868 812 1941 12,
821 1867 899 1944 206,
911 1867 1077 1932 Martialis
1079 1869 1232 1955 sumsisset,

115 1978 270 2049 parumst,
280 1951 653 2055 archetypumtmeumst
660 2017 668 2042 ‚
677 1969 838 2032 lucrumst.
850 1984 891 2028 ac
903 1965 1022 2048 nequis
1033 1964 1122 2031 hano
1133 1961 1233 2032 muti·

119 2062 222 2126 latam
243 2064 339 2128 verbi
359 2062 501 2127 formam
523 2065 611 2130 omni
627 2063 825 2126 condicione
839 2062 968 2145 pariter
982 2065 1137 2129 omuibus
1151 2087 1232 2150 pro-

118 2161 232 2226 batam
247 2169 360 2247 putet,
371 2161 405 2225 in
421 2160 539 2225 eodem
554 2159 754 2245 pentametri
769 2156 845 2220 loco
858 2155 1000 2220 Ovidius
1014 2158 1147 2246 longam
1164 2163 1231 2248 syl-

117 2258 229 2323 labam
251 2277 320 2320 non
341 2277 422 2321 raro
444 2257 601 2328 admisit,
618 2253 713 2316 velut
727 2255 843 2331 debet,
864 2267 973 2328 ineest,
990 2269 1086 2320 ineest
1100 2305 1109 2333 ‚
1123 2259 1231 2334 locust,

107 2358 244 2444 fraqast,
260 2355 371 2428 soluit,
388 2352 609 2438 ropest‚forost
623 2397 631 2424 ‚
646 2351 730 2425 tatist,
741 2352 858 2424 sualim,
869 2353 1101 2430 iocost,'sonost‚
1113 2357 1232 2432 desecat,

56 2455 61 2462 '
116 2455 219 2520 deaest
228 2449 288 2536 (lb.
301 2451 389 2536 378),
400 2461 515 2528 actast,
526 2461 640 2514 meuest
649 2449 758 2534 (Pont.
768 2473 803 2520 ιι,
813 2449 841 2524 7,
851 2449 904 2532 38)
914 2496 921 2522 ,
932 2464 1055 2514 mantnt
1064 2454 1120 2539 (ιν,
1134 2455 1230 2542 1,14),

117 2572 181 2615 nec
202 2549 298 2614 nimir
321 2569 397 2613 raro
422 2548 477 2632 qui
501 2548 572 2612 eius
594 2548 727 2611 nomine
750 2547 912 2634 epistula·
927 2547 1106 2616 heroidum
1125 2555 1232 2641 scrip·

118 2655 258 2720 serunt,
274 2644 378 2710 ceteri
391 2645 449 2708 vix
464 2665 606 2731 usquam
623 2693 631 2718 ‚
648 2643 800 2710 Catullus
815 2645 917 2710 semel
931 2659 1027 2712 nzeast
1039 2649 1088 2726 87,
1098 2651 1134 2726 4,
1146 2651 1231 2718 Ριο-

118 2745 247 2830 partius
261 2745 394 2818 demost,
412 2743 510 2818 ciust,
526 2743 656 2817 marim,
675 2745 780 2818 sobet,
790 2745 896 2818 sulcet,
909 2745 1005 2819 decet,
1016 2759 1126 2822 meust,
1137 2749 1230 2816 Mar·

118 2843 208 2908 tiaIIs
221 2843 290 2916 bis,
302 2843 425 2916 domim,
436 2843 544 2916 cir-oet,
555 2841 666 2906 nullus
681 2843 827 2906 omnium
843 2849 941 2906 extra
956 2841 1139 2931 disyllaba.

201 2941 271 3004 904.
293 2963 415 3004 sanas
438 2963 504 3004 usi
528 2961 686 3004 annana
709 2961 882 3004 rossrr.
912 2940 989 3005 Itali
1011 2949 1045 3005 et
1065 2943 1230 3012 Marullus

120 3059 309 3104 rossrur.

201 3135 272 3200 996.
294 3133 507 3198 Pnnrrsus
530 3153 731 3208 cursoris,
754 3153 1015 3208 rursnnsoua
1039 3157 1230 3202 surrsor·

118 3255 303 3300 rancun.
325 3231 403 3296 Itali
424 3239 458 3294 et
479 3229 635 3314 impressi
659 3228 843 3294 Portibmin
865 3232 1000 3294 cratem:
1021 3231 1083 3296 sed
1106 3237 1231 3302 rectius

118 3333 284 3399 addemus
298 3353 335 3402 a,
351 3327 443 3414 quod
455 3335 507 3393 est
517 3328 552 3392 in
561 3349 664 3393 versu
675 3326 736 3392 217
748 3377 755 3390 .
767 3326 892 3392 deinde
901 3327 1066 3396 Marullus
1078 3353 1231 3398 aaran·

117 3451 253 3508 saona
270 3477 278 3503 ,
298 3428 346 3492 rei
366 3427 606 3490 convenienter
623 3473 632 3500 ‚
652 3425 804 3511 quamvis
820 3445 919 3492 secus
933 3427 1091 3493 videatur
1105 3429 1231 3496 Wake-

118 3527 219 3594 lieldo
236 3535 271 3592 et
284 3525 489 3611 Forbigero,
502 3524 560 3609 qui
574 3525 731 3609 quotiens
747 3523 1032 3608 philosophantur
1049 3526 1209 3594 delirant.

204 3625 293 3690 1008.
307 3623 403 3689 Irso
418 3643 577 3687 neuun.
589 3621 770 3688 Correetor
786 3620 945 3706 quadrati
960 3633 994 3687 et
1005 3625 1108 3688 ceteri
1119 3625 1231 3692 Issa,

205 3724 294 3790 1009.
316 3745 393 3800 oua
420 3741 750 3786 censueramus.
773 3719 1141 3788 Recternnrsrltali.
1169 3725 1232 3790 sed

119 3823 219 3889 iidem
234 3829 269 3888 et
282 3821 438 3907 impressi
453 3819 526 3884 sine
541 3840 645 3884 causa
659 3821 749 3906 quia.

206 3919 295 3985 1012.
316 3919 395 3984 Aur
423 3939 552 3982 arran
578 3938 881 3990 strennuum,
913 3939 999 3982 utsr
1027 3941 1232 3985 ranurnsr

120 4013 669 4091 sarrauu‚aoaunSrnrurca
682 4035 1160 4080 nsruasrsrsnrrnuau
1176 4043 1232 4083 rn-

120 4135 388 4179 nonaanruu.
404 4113 521 4178 Dehis
532 4112 687 4176 versibus
703 4109 880 4175 Madvicus
898 4113 1030 4198 egregie
1048 4113 1233 4199 disputavit
1259 4115 1263 4122 ’

120 4213 156 4276 in
172 4213 341 4295 opusculis
355 4213 526 4297 prioribus
541 4233 573 4297 p.
588 4211 650 4276 313
666 4257 674 4285 ‚
694 4218 774 4296 post
795 4229 893 4294 quem
914 4209 1053 4276 aliorum
1068 4213 1233 4299 interpre-

121 4321 191 4375 tum
206 4311 371 4376 tationem
384 4309 513 4375 habere
528 4330 815 4397 supervacaneum
831 4317 899 4372 est.
912 4307 998 4374 dixit
1009 4317 1109 4395 potita
1121 4333 1232 4375 rerum

120 4409 375 4497 universitatem
387 4429 496 4493 neque
508 4409 717 4474 extrinsecus
729 4406 815 4474 finiri
824 4407 1041 4493 posse(1001)
1051 4429 1159 4492 neque
1169 4407 1232 4470 sibi

118 4506 228 4591 ipsam
243 4505 341 4569 finem
356 4526 483 4589 ponere
499 4505 637 4590 (1009).
654 4499 738 4570 ‘hoe
761 4525 803 4570 ne
817 4503 936 4571 faciat’
956 4500 1233 4590 iuq11it.‘natura

993 4605 1032 4664 o.
