2970 5268
297 441 365 513 122
824 443 888 514 IIII
927 471 934 486 ⁸

292 617 532 702 multiplexque
546 615 611 682 loci
626 618 767 703 spatium
781 625 1012 684 transcurrere
1027 617 1146 684 eodem

292 742 443 819 tempore
459 751 526 818 quo
542 732 622 798 solis
636 711 838 819 pervolg⁰nnt
850 733 974 798 lumina
988 733 1139 800 ceolum?

291 847 358 913 hoc
373 847 471 913 etiem
484 847 518 912 in
532 847 646 933 primis
661 847 829 932 specimen
843 868 959 912 verum
974 869 1048 913 esse
1062 847 1210 926 videtur,

219 979 268 1026 220
290 984 390 1049 quam
404 963 503 1027 celeri
517 971 610 1028 motu
624 983 734 1026 rerum
749 962 924 1028 simulacra
936 963 1102 1040 ferentur,

290 1076 382 1164 qnod
397 1077 493 1140 simul
507 1099 546 1142 ac
560 1078 700 1163 primum
715 1077 778 1142 sub
794 1076 852 1143 diu
865 1076 1026 1163 splendor
1041 1080 1140 1164 eqnci

290 1193 440 1281 ponitur,
453 1191 618 1277 extemplo
634 1191 726 1256 coelo
742 1192 896 1258 stellante
910 1212 1030 1256 serene

291 1305 403 1372 sidere
415 1305 624 1393 respondent
637 1307 671 1374 in
685 1327 773 1393 eque
787 1304 953 1372 redieritis
965 1306 1106 1372 mundo.

291 1423 399 1488 200200
414 1422 509 1488 vides
523 1423 624 1508 igitur
639 1443 737 1508 quem
752 1411 878 1509 puncto
893 1430 1045 1508 tempore
1058 1423 1167 1509 imago

218 1553 266 1599 215
289 1537 434 1602 estheris
450 1558 492 1601 ex
507 1536 574 1602 on's
587 1537 622 1600 in
638 1546 800 1602 terrerum
815 1535 946 1602 occidet
959 1537 1061 1602 ores?

289 1673 393 1738 quare
408 1652 505 1717 etiem
519 1659 624 1736 etque
640 1651 737 1716 etism
751 1650 834 1717 mitti
848 1651 975 1716 fsteere
988 1661 1163 1718 necessest

288 1787 433 1854 corpore
448 1786 533 1851 quae
546 1765 669 1830 ferient
682 1766 798 1832 oeulos
812 1767 985 1852 visumque
998 1767 1181 1834 lacessent:

286 1889 520 1968 perpetuoque
533 1880 641 1945 fluunt
655 1881 755 1946 certis
770 1883 812 1948 ab
827 1882 928 1948 rebus
944 1881 1083 1960 odores3

285 1995 391 2084 fiigus
406 2005 444 2062 ut
458 2017 479 2059 0
491 1995 616 2072 fluviis,
628 1997 719 2061 calor
733 1997 775 2062 eb
790 1996 879 2074 sole,
891 2004 1005 2062 aestus
1020 1997 1063 2062 eb
1078 1996 1176 2062 undis

213 2129 262 2175 220
284 2112 457 2198 aequoris,
470 2133 591 2176 exesor
604 2131 811 2188 moerorum,
825 2113 924 2178 litore
938 2111 1077 2176 circum:

282 2248 346 2292 nec
361 2227 472 2292 202200
487 2233 621 2292 0000000
635 2247 736 2292 voces
751 2227 891 2292 volitare
905 2247 965 2312 per
979 2247 1095 2292 euros:

284 2342 428 2429 deniqne
442 2343 476 2407 in
491 2364 529 2408 os
544 2342 623 2406 salsi
637 2327 729 2407 venit
742 2364 837 2408 umor
850 2363 953 2429 saepe
967 2341 1115 2428 saporis,

284 2479 358 2522 cum
372 2479 462 2522 mere
476 2477 648 2522 versamur
661 2465 818 2543 propter,
830 2455 1002 2542 dilutaque
1017 2465 1136 2522 contre

283 2593 358 2634 cum
372 2572 494 2636 tuimur
508 2571 639 2636 misceri
652 2572 835 2648 absinthia,
847 2573 955 2659 tangit
967 2592 1112 2637 0200202.

210 2702 259 2747 220
281 2685 489 2771 usqueadeo
504 2685 656 2750 omnibus
671 2686 713 2751 cb
728 2685 830 2751 rebus
843 2707 898 2751 res
913 2709 1067 2772 quaeque
1081 2685 1221 2752 fluenter

281 2798 388 2864 fertur
404 2809 437 2866 et
450 2801 484 2864 in
499 2809 636 2866 cunctas
652 2799 827 2868 dimittitur
841 2800 990 2887 undique
1004 2802 1125 2887 pertis,

281 2937 344 2980 nec
357 2937 452 2981 more
465 2937 528 2980 nec
543 2917 675 3002 requies
689 2917 778 2982 inter
793 2915 893 2982 detur
907 2915 1127 2992 statuendi,

183 3077 184 3080 ,
280 3039 444 3118 perpetuo
460 3031 616 3118 quoniam
629 3032 789 3122 sentimus
805 3040 840 3097 et
855 3033 965 3097 omnin
979 3053 1127 3122 semper.

209 3163 259 3211 200
321 3146 501 3212 Ρ20000200
515 3147 672 3234 quoniam
685 3147 837 3213 menibus
851 3156 995 3213 tractata
1007 3147 1114 3234 figure
1166 3135 1169 3142 ’

279 3263 313 3326 20
327 3262 474 3326 tenebris
489 3261 653 3347 quaedam
667 3262 883 3347 cognoscitur
897 3284 971 3327 esse
986 3260 1103 3327 eedem
1117 3283 1203 3348 quse

280 3375 426 3442 cernitur
440 3375 474 3438 in
486 3375 561 3438 lnce
576 3383 611 3438 et
625 3373 716 3440 clero
731 3374 878 3439 candore
888 3423 896 3451 ‚
906 3385 1078 3441 necessest

278 3489 440 3554 consimili
455 3509 556 3552 00000
569 3496 695 3552 0000020
708 3489 883 3573 visumque
898 3490 1040 3554 moveri.
1123 3477 1126 3482 ¹

277 3624 366 3668 nunc
379 3603 479 3689 igitur
495 3602 522 3666 si
538 3600 737 3687 quadratum
750 3610 951 3689 temptemus
967 3611 1002 3670 et
1014 3602 1050 3670 id
1064 3627 1127 3670 nos

206 3734 254 3781 nee
277 3722 464 3781 commovet
477 3717 511 3780 in
526 3715 813 3792 tenebris‚inli1ci
829 3739 915 3803 quae
931 3720 1056 3805 poterit
1069 3741 1123 3784 res

276 3829 428 3897 occidere
443 3830 487 3895 ed
502 3831 647 3917 speciem
662 3805 918 3918 0220212000,οἱὲὶ
933 3835 1003 3899 eius
1018 3834 1154 3920 imago?

278 3946 400 4011 000020
413 3946 609 4034 imaginibus
624 3967 691 4033 quc
705 3957 843 4035 propter
858 3969 959 4014 cause
973 3949 1105 4014 videtur

279 4266 328 4312 210
346 4267 445 4312 motum
471 4259 482 4328 ΙΙ
510 4265 557 4313 213
576 4259 679 4315 mimdi.
705 4262 716 4331 ΙΙ
746 4267 796 4314 216
813 4263 879 4315 02220
905 4263 915 4331 ii
942 4239 992 4316 218
1011 4263 1093 4318 fluunt
1120 4267 1129 4332 Η
1158 4271 1207 4318 220
1226 4282 1377 4320 0200202002
1394 4269 1404 4336 υ

277 4347 430 4394 222-228
447 4343 500 4397 brt.
535 4343 545 4411 ΙΙ
581 4349 630 4396 229
654 4343 772 4398 Cernere
789 4343 896 4399 odoreri
921 4345 1027 4400 linotet
1045 4350 1145 4402 sentire
1162 4365 1271 4402 sonare.
1308 4351 1319 4416 ΙΙ
1356 4355 1403 4402 235

215 4433 219 4442 ’
278 4424 438 4478 Commouet
455 4434 482 4478 00
498 4426 524 4478 20
551 4425 562 4492 it
589 4431 637 4478 2³7
657 4427 717 4496 quie
