2972 5188
636 527 670 592 V
1134 531 1201 600 291

88 725 150 767 aur
162 703 236 766 dum
249 703 315 766 volo
336 723 397 765 rose
420 703 566 780 oouriou,
592 701 767 766 Orationem
782 705 815 765 io
830 701 954 768 Aulium
965 701 1124 789 petitorem
1139 705 1208 772 Ple·

91 799 287 864 amatorem
300 810 329 862 et
336 799 525 884 pestilentiae
539 798 599 882 lapi
607 846 616 876 ,
632 818 700 860 non
714 798 802 882 legit,
817 807 856 862 ut
871 800 1066 886 paulopost
1079 805 1108 868 ei
1121 804 1207 890 viefu-

91 901 145 962 riu
164 899 279 982 scripta
301 895 379 960 Sesti
399 917 543 981 recepso.
574 901 611 958 at
631 895 666 958 in
687 895 796 979 prima
818 895 1039 962 multitudinis
1060 919 1208 984 persona

91 1001 218 1081 postas
229 993 480 1080 ambiguitatem
492 1011 561 1056 non
569 992 668 1056 veriti
677 991 827 1077 syllabas
837 1000 1095 1061 contraxerunt.
1107 997 1207 1063 Plau-

93 1101 152 1156 tus
165 1091 201 1156 in
213 1090 366 1156 Poenulo
383 1089 472 1166 1‚2‚9
490 1091 576 1155 Num
597 1113 653 1155 rios
674 1113 768 1177 aspere
790 1091 828 1154 ab
850 1113 966 1155 aurora
987 1094 1031 1156 od
1049 1093 1105 1159 boo
1126 1101 1209 1183 qpod

93 1190 184 1254 dieiel
203 1187 257 1253 Ee
276 1189 428 1252 industrio
456 1189 563 1252 amhae
590 1209 756 1274 eumerium
785 1209 992 1253 concessamus
1013 1189 1135 1256 Looori
1154 1208 1209 1260 aut

84 1286 226 1373 fucari.
240 1284 422 1350 Terentius
436 1285 471 1349 in
482 1284 649 1370 Adelphis
661 1307 710 1358 ιιι,
718 1285 748 1360 3,
761 1286 795 1348 ll
813 1308 932 1350 omnem
945 1310 1009 1351 rem
1024 1291 1113 1354 ηιοάο
1126 1295 1190 1356 m
1197 1341 1206 1372 7
1302 1319 1304 1325 -

97 1385 168 1463 Quo
177 1394 270 1469 poeto
282 1383 407 1448 balneo
413 1431 422 1463 ,
437 1405 624 1447 monemus
637 1384 760 1447 ordine.
776 1381 945 1470 Vergilius
956 1385 1037 1448 Aen.
1050 1407 1080 1466 v,
1089 1387 1130 1452 57
1140 1392 1206 1454 Aa

93 1503 199 1546 mamm
212 1493 241 1545 et
251 1493 362 1566 portes
383 1482 475 1554 delati
495 1482 645 1544 intremus
666 1481 799 1544 amieos.
821 1481 1019 1565 Propertius
1035 1505 1082 1559 ιιι,
1097 1485 1172 1562 15‚3
1187 1489 1207 1552 9

97 1579 201 1659 eram
214 1580 310 1643 mdiu
323 1579 462 1664 adpositu
475 1600 641 1642 uomumue
654 1579 746 1642 verbu
760 1579 909 1644 lacento!
927 1577 1025 1658 Quinta
1040 1583 1127 1647 uano
1141 1608 1206 1650 am-

88 1677 188 1761 pleao
197 1687 350 1741 mmm
362 1677 527 1742 drooobio!
542 1675 743 1764 Calpurnius
757 1679 778 1740 7
779 1725 787 1752 ‚
800 1679 837 1742 18
851 1701 908 1744 uee
920 1680 996 1744 mdo
1005 1723 1092 1737 --
1107 1685 1206 1751 Grato

93 1775 321 1862 mopisssieriut
328 1797 422 1862 quium
432 1799 512 1863 quoe
521 1787 690 1860 spectemus
699 1778 732 1840 io
742 1777 834 1840 urbe.
847 1776 1046 1862 Propertius
1057 1781 1091 1844 in
1103 1805 1139 1858 11,
1148 1785 1205 1859 7‚2

80 1871 203 1966 flemus
216 1883 342 1960 uterque
355 1874 426 1952 dio,
442 1875 490 1938 Ni
503 1896 558 1936 uos
571 1873 734 1956 divideret,·
757 1875 808 1937 cui
824 1875 1022 1940 simillimum
1035 1887 1089 1942 est
1101 1903 1209 1946 nomeu

94 1966 214 2035 Ennii.

179 2068 251 2133 397.
266 2091 344 2133 eun
360 2090 755 2132 ssronrnnnnnrsx
770 2091 853 2132 vrs.
867 2069 1063 2149 Quadratus
1069 2085 1207 2157 petoritu-

94 2190 221 2252 napum.
243 2167 318 2230 Itali
340 2167 486 2230 Phoroneo
507 2187 628 2250 repra,
649 2166 765 2250 itaque
780 2166 964 2231 Brixiensis
986 2169 1107 2232 editio.
1129 2193 1208 2238 mox

96 2263 266 2350 oblongus
274 2264 459 2349 plasmato,
475 2262 664 2348 quadratus
677 2263 831 2328 baelom

181 2353 343 2426 399q1nn
365 2383 442 2425 cun
463 2381 680 2424 runcinus,
703 2359 898 2439 Quadratus
920 2364 970 2424 iro
992 2367 1207 2448 comper-oium.

96 2458 264 2524 Marullus
278 2481 357 2523 run
365 2461 520 2545 percitus.

180 2557 251 2622 400.
274 2579 448 2621 nnrsnrr
481 2577 678 2620 nunninus
712 2577 824 2619 roro.
857 2555 1041 2621 Cor-rector
1073 2559 1209 2647 oblongi

98 2677 315 2720 nunninus.

179 2755 252 2820 405.
274 2775 458 2818 unsrun.
481 2750 556 2818 Itali
572 2751 759 2814 Gaurum.

179 2851 250 2916 410.
271 2853 357 2916 Aur
384 2861 566 2915 rnnsunr
594 2871 682 2913 ans.
710 2849 885 2913 Librarius
913 2849 1071 2934 quadrati
1099 2855 1207 2938 primo

97 2949 283 3033 scripserat
302 2950 358 3029 Ut,
379 2957 451 3013 tum
471 2947 553 3013 feeit
566 2948 655 3011 Allt.
675 2947 797 3010 horum
817 2956 972 3011 neutrum
994 2971 1111 3014 verum
1138 2959 1211 3027 est,

97 3047 162 3113 sed
176 3045 279 3110 scribi
293 3045 398 3110 debut
410 3045 462 3108 Er
478 3044 597 3108 ordine
611 3064 768 3107 versuum
782 3052 930 3108 mutato.
945 3056 999 3108 aar
1012 3047 1061 3109 ita
1075 3048 1210 3131 eapien-

98 3146 180 3210 dum
195 3142 303 3216 foret,
317 3149 376 3216 ut,
391 3143 455 3206 nisi
469 3143 522 3205 vis
535 3140 661 3226 ignium
676 3139 860 3225 aliquando
876 3140 1031 3217 eederet,
1051 3164 1107 3207 res
1121 3147 1210 3230 peri·

98 3253 198 3306 turae
219 3259 294 3303 esso
316 3239 528 3304 dicerentur:
550 3239 599 3302 ita
620 3245 732 3302 autom
752 3239 864 3322 ignem
884 3261 1031 3324 asperare
1042 3263 1132 3325 posse
1143 3289 1152 3322 ,
1173 3251 1212 3306 ut

97 3356 283 3422 numquam
297 3337 507 3411 revincatur,
522 3335 690 3421 Epicurus
705 3343 824 3422 negat.

182 3433 254 3500 412.
275 3455 467 3500 nonninus
495 3453 659 3497 munros
688 3454 856 3509 uunnno
889 3456 1038 3500 osnnrn
1070 3459 1211 3503 uanis.

98 3536 218 3619 Inepte
240 3533 407 3598 Antonius
428 3531 550 3606 Marii,
580 3530 757 3606 Gifanius,
779 3529 1032 3610 Wakefieldus,
1058 3535 1213 3600 moenum

98 3633 222 3698 intua.
238 3629 403 3694 Marullus
419 3629 546 3715 optime
558 3631 672 3694 multuo
685 3650 823 3693 uanis.

179 3727 250 3794 425.
273 3728 604 3803 Onnruomsoun
627 3749 782 3790 coras.
806 3727 1026 3796 Correotores
1047 3733 1212 3816 antiquis-

100 3827 174 3894 simi
189 3847 327 3901 οοιιιιι,
342 3833 381 3890 ut
394 3847 496 3891 versu
513 3825 589 3890 190.
1291 3899 1294 3906 Ι

181 3919 252 3988 428.
275 3921 520 3988 Omnian-:nus
544 3943 722 3986 cornus.
746 3921 930 3988 Corrector
951 3922 1089 4010 oblongi
1107 3923 1212 3990 Oinei-

95 4043 206 4108 φησι.
222 4019 285 4088 sed
298 4023 333 4086 in
346 4021 434 4086 libro
450 4044 471 4096 ι,
484 4018 564 4085 1026
578 4025 672 4084 reote
687 4019 850 4104 seriptum
865 4027 919 4083 est
934 4017 1052 4084 Omns
1065 4045 1176 4107 penu.

182 4117 318 4183 mam
341 4141 418 4196 Qun
441 4139 659 4183 convnnrs
682 4117 1210 4196 nnrnnrs.Adlibrum11‚lllssl

99 4216 364 4303 dixilegondum
380 4238 455 4282 esse
470 4237 690 4280 correers
705 4263 712 4279 .

181 4315 252 4378 430.
268 4335 423 4378 rnuusr
445 4335 627 4378 nxonorn
650 4335 794 4376 snnrn.
809 4311 1213 4404 Iuseoundofiereotshio

97 4412 176 4478 Itali
190 4419 284 4478 reete
299 4433 394 4476 rrum
403 4433 441 4476 r.
457 4409 519 4475 sed
529 4417 709 4495 praeterea
721 4431 763 4474 ex
773 4409 860 4475 libro
871 4412 1024 4476 seeundo
1036 4413 1213 4477 adsumen-

101 4511 181 4574 dum
194 4518 249 4575 est
262 4533 436 4608 saurus,
452 4508 519 4573 hoe
530 4515 584 4573 est
596 4509 753 4594 quotiens
764 4510 812 4574 ita
824 4509 987 4575 elementa
998 4509 1043 4574 ad
1054 4508 1213 4574 mundum

954 4607 1012 4671 19·
