<?xml version="1.0" encoding="UTF-8"?>
<!DOCTYPE html PUBLIC "-//W3C//DTD XHTML 1.0 Transitional//EN"
    "http://www.w3.org/TR/xhtml1/DTD/xhtml1-transitional.dtd">
<html xmlns="http://www.w3.org/1999/xhtml" xml:lang="en" lang="en">
 <head>
  <title>
</title>
<meta http-equiv="Content-Type" content="text/html;charset=utf-8" />
  <meta name='ocr-system' content='tesseract 3.04.00' />
  <meta name='ocr-capabilities' content='ocr_page ocr_carea ocr_par ocr_line ocrx_word'/>
</head>
<body>
  <div class='ocr_page' id='page_1' title='image "./intlucretiicari00lachgoog_0111.png"; bbox 0 0 2970 5268; ppageno 0'>
   <div class='ocr_carea' id='block_1_1' title="bbox 258 447 842 518">
    <p class='ocr_par' dir='ltr' id='par_1_1' title="bbox 258 447 842 518">
     <span class='ocr_line' id='line_1_1' title="bbox 258 447 842 518; baseline 0.003 -2"><span class='ocrx_word' id='word_1_1' title='bbox 258 447 326 518; x_wconf 88' lang='grc'><strong>106</strong></span> <span class='ocrx_word' id='word_1_2' title='bbox 794 449 842 518; x_wconf 89' lang='lat'><strong>111</strong></span> 
     </span>
    </p>
   </div>
   <div class='ocr_carea' id='block_1_2' title="bbox 73 621 1291 4156">
    <p class='ocr_par' dir='ltr' id='par_1_2' title="bbox 254 621 1118 712">
     <span class='ocr_line' id='line_1_2' title="bbox 254 621 1118 712; baseline 0.003 -26"><span class='ocrx_word' id='word_1_3' title='bbox 254 631 288 688; x_wconf 90' lang='lat' dir='ltr'><strong>et</strong></span> <span class='ocrx_word' id='word_1_4' title='bbox 300 622 355 688; x_wconf 80' lang='lat' dir='ltr'><strong>vel</strong></span> <span class='ocrx_word' id='word_1_5' title='bbox 368 629 407 686; x_wconf 88' lang='lat' dir='ltr'><strong>ut</strong></span> <span class='ocrx_word' id='word_1_6' title='bbox 421 629 499 686; x_wconf 90' lang='lat' dir='ltr'><strong>ante</strong></span> <span class='ocrx_word' id='word_1_7' title='bbox 514 629 590 686; x_wconf 90' lang='lat' dir='ltr'><strong>aeto</strong></span> <span class='ocrx_word' id='word_1_8' title='bbox 605 621 652 686; x_wconf 90' lang='lat' dir='ltr'><strong>nil</strong></span> <span class='ocrx_word' id='word_1_9' title='bbox 665 631 818 709; x_wconf 87' lang='lat' dir='ltr'><strong>tempore</strong></span> <span class='ocrx_word' id='word_1_10' title='bbox 832 623 995 689; x_wconf 76' lang='lat' dir='ltr'>sensimus</span> <span class='ocrx_word' id='word_1_11' title='bbox 1010 627 1118 712; x_wconf 82' lang='lat' dir='ltr'>aegri,</span> 
     </span>
    </p>

    <p class='ocr_par' dir='ltr' id='par_1_3' title="bbox 144 735 1099 937">
     <span class='ocr_line' id='line_1_3' title="bbox 144 735 1099 824; baseline 0 -20"><span class='ocrx_word' id='word_1_12' title='bbox 144 797 151 804; x_wconf 90' lang='lat'><em>.</em></span> <span class='ocrx_word' id='word_1_13' title='bbox 253 737 298 802; x_wconf 89' lang='lat' dir='ltr'><strong>ad</strong></span> <span class='ocrx_word' id='word_1_14' title='bbox 313 735 557 822; x_wconf 88' lang='lat' dir='ltr'><strong>confligendum</strong></span> <span class='ocrx_word' id='word_1_15' title='bbox 571 737 781 802; x_wconf 83' lang='lat' dir='ltr'><strong>venientibus</strong></span> <span class='ocrx_word' id='word_1_16' title='bbox 796 736 945 824; x_wconf 91' lang='lat' dir='ltr'><strong>undique</strong></span> <span class='ocrx_word' id='word_1_17' title='bbox 960 738 1099 814; x_wconf 84' lang='lat' dir='ltr'>Poenis,</span> 
     </span>
     <span class='ocr_line' id='line_1_4' title="bbox 254 851 1031 937; baseline 0.001 -19"><span class='ocrx_word' id='word_1_18' title='bbox 254 854 364 918; x_wconf 88' lang='lat' dir='ltr'><strong>omnia</strong></span> <span class='ocrx_word' id='word_1_19' title='bbox 379 873 453 916; x_wconf 91' lang='lat' dir='ltr'><strong>cum</strong></span> <span class='ocrx_word' id='word_1_20' title='bbox 467 851 544 916; x_wconf 89' lang='lat' dir='ltr'><strong>belli</strong></span> <span class='ocrx_word' id='word_1_21' title='bbox 558 851 692 937; x_wconf 85' lang='lat' dir='ltr'><strong>trepido</strong></span> <span class='ocrx_word' id='word_1_22' title='bbox 707 873 872 918; x_wconf 86' lang='lat' dir='ltr'><strong>concussa</strong></span> <span class='ocrx_word' id='word_1_23' title='bbox 886 854 1031 919; x_wconf 78' lang='lat' dir='ltr'><strong>tumultu</strong></span> 
     </span>
    </p>

    <p class='ocr_par' dir='ltr' id='par_1_4' title="bbox 133 961 1181 1515">
     <span class='ocr_line' id='line_1_5' title="bbox 133 961 1064 1060; baseline 0 -28"><span class='ocrx_word' id='word_1_24' title='bbox 133 1057 136 1060; x_wconf 21' lang='grc' dir='ltr'>Ι</span> <span class='ocrx_word' id='word_1_25' title='bbox 180 985 229 1032; x_wconf 82' lang='grc'><strong>885</strong></span> <span class='ocrx_word' id='word_1_26' title='bbox 251 967 391 1032; x_wconf 88' lang='lat' dir='ltr'><strong>horrida</strong></span> <span class='ocrx_word' id='word_1_27' title='bbox 405 975 636 1032; x_wconf 78' lang='lat' dir='ltr'><strong>contremuere</strong></span> <span class='ocrx_word' id='word_1_28' title='bbox 650 969 712 1032; x_wconf 88' lang='lat' dir='ltr'><strong>sub</strong></span> <span class='ocrx_word' id='word_1_29' title='bbox 728 966 803 1032; x_wconf 90' lang='lat' dir='ltr'><strong>altis</strong></span> <span class='ocrx_word' id='word_1_30' title='bbox 818 961 964 1032; x_wconf 87' lang='lat' dir='ltr'><strong>aetheris</strong></span> <span class='ocrx_word' id='word_1_31' title='bbox 980 969 1064 1045; x_wconf 88' lang='lat' dir='ltr'><strong>oris,</strong></span> 
     </span>
     <span class='ocr_line' id='line_1_6' title="bbox 252 1081 1124 1169; baseline 0.001 -22"><span class='ocrx_word' id='word_1_32' title='bbox 252 1085 286 1148; x_wconf 89' lang='lat' dir='ltr'><strong>in</strong></span> <span class='ocrx_word' id='word_1_33' title='bbox 301 1081 472 1169; x_wconf 91' lang='lat' dir='ltr'><strong>dubioque</strong></span> <span class='ocrx_word' id='word_1_34' title='bbox 485 1081 579 1146; x_wconf 83' lang='lat' dir='ltr'><strong>fuere</strong></span> <span class='ocrx_word' id='word_1_35' title='bbox 593 1091 744 1148; x_wconf 86' lang='lat' dir='ltr'><strong>utrorum</strong></span> <span class='ocrx_word' id='word_1_36' title='bbox 759 1082 804 1147; x_wconf 92' lang='lat' dir='ltr'><strong>ad</strong></span> <span class='ocrx_word' id='word_1_37' title='bbox 818 1103 923 1168; x_wconf 90' lang='lat' dir='ltr'><strong>regna</strong></span> <span class='ocrx_word' id='word_1_38' title='bbox 937 1082 1124 1148; x_wconf 87' lang='lat' dir='ltr'><strong>cadendum</strong></span> 
     </span>
     <span class='ocr_line' id='line_1_7' title="bbox 252 1197 1129 1285; baseline -0.001 -22"><span class='ocrx_word' id='word_1_39' title='bbox 252 1198 404 1263; x_wconf 88' lang='lat' dir='ltr'><strong>omnibus</strong></span> <span class='ocrx_word' id='word_1_40' title='bbox 418 1197 572 1262; x_wconf 89' lang='lat' dir='ltr'><strong>humanis</strong></span> <span class='ocrx_word' id='word_1_41' title='bbox 587 1205 676 1262; x_wconf 88' lang='lat' dir='ltr'><strong>esset</strong></span> <span class='ocrx_word' id='word_1_42' title='bbox 689 1207 848 1283; x_wconf 87' lang='lat' dir='ltr'><strong>terraque</strong></span> <span class='ocrx_word' id='word_1_43' title='bbox 863 1198 1029 1283; x_wconf 87' lang='lat' dir='ltr'><strong>marique,</strong></span> <span class='ocrx_word' id='word_1_44' title='bbox 1125 1280 1129 1285; x_wconf 17' lang='lat'><strong><em>³</em></strong></span> 
     </span>
     <span class='ocr_line' id='line_1_8' title="bbox 250 1312 1181 1400; baseline 0.001 -23"><span class='ocrx_word' id='word_1_45' title='bbox 250 1313 298 1378; x_wconf 92' lang='lat' dir='ltr'><strong>sie</strong></span> <span class='ocrx_word' id='word_1_46' title='bbox 307 1363 315 1390; x_wconf 92' lang='lat'><strong>,</strong></span> <span class='ocrx_word' id='word_1_47' title='bbox 325 1313 383 1377; x_wconf 92' lang='lat' dir='ltr'><strong>ubi</strong></span> <span class='ocrx_word' id='word_1_48' title='bbox 396 1333 467 1378; x_wconf 87' lang='lat' dir='ltr'><strong>non</strong></span> <span class='ocrx_word' id='word_1_49' title='bbox 481 1312 619 1388; x_wconf 89' lang='lat' dir='ltr'><strong>erimus,</strong></span> <span class='ocrx_word' id='word_1_50' title='bbox 631 1335 706 1376; x_wconf 90' lang='lat' dir='ltr'><strong>oum</strong></span> <span class='ocrx_word' id='word_1_51' title='bbox 721 1313 872 1399; x_wconf 90' lang='lat' dir='ltr'><strong>corporis</strong></span> <span class='ocrx_word' id='word_1_52' title='bbox 888 1322 991 1400; x_wconf 90' lang='lat' dir='ltr'><strong>atque</strong></span> <span class='ocrx_word' id='word_1_53' title='bbox 1005 1313 1125 1378; x_wconf 86' lang='lat' dir='ltr'><strong>animai</strong></span> <span class='ocrx_word' id='word_1_54' title='bbox 1175 1341 1181 1350; x_wconf 93' lang='lat'><em>·</em></span> 
     </span>
     <span class='ocr_line' id='line_1_9' title="bbox 251 1427 1077 1515; baseline 0 -22"><span class='ocrx_word' id='word_1_55' title='bbox 251 1427 425 1493; x_wconf 90' lang='lat' dir='ltr'><strong>discidium</strong></span> <span class='ocrx_word' id='word_1_56' title='bbox 439 1427 557 1503; x_wconf 84' lang='lat' dir='ltr'><strong>fuerit,</strong></span> <span class='ocrx_word' id='word_1_57' title='bbox 570 1427 690 1512; x_wconf 92' lang='lat' dir='ltr'><strong>quibus</strong></span> <span class='ocrx_word' id='word_1_58' title='bbox 706 1448 724 1490; x_wconf 92' lang='lat' dir='ltr'><strong>e</strong></span> <span class='ocrx_word' id='word_1_59' title='bbox 739 1448 852 1492; x_wconf 89' lang='lat' dir='ltr'><strong>sumus</strong></span> <span class='ocrx_word' id='word_1_60' title='bbox 866 1429 975 1494; x_wconf 90' lang='lat' dir='ltr'><strong>uniter</strong></span> <span class='ocrx_word' id='word_1_61' title='bbox 990 1429 1077 1515; x_wconf 91' lang='lat' dir='ltr'><strong>apti,</strong></span> 
     </span>
    </p>

    <p class='ocr_par' dir='ltr' id='par_1_5' title="bbox 179 1540 1207 2088">
     <span class='ocr_line' id='line_1_10' title="bbox 179 1540 1207 1629; baseline -0.001 -21"><span class='ocrx_word' id='word_1_62' title='bbox 179 1562 229 1608; x_wconf 81' lang='lat' dir='ltr'><strong>sm</strong></span> <span class='ocrx_word' id='word_1_63' title='bbox 252 1543 394 1618; x_wconf 91' lang='lat' dir='ltr'><strong>scilicet,</strong></span> <span class='ocrx_word' id='word_1_64' title='bbox 404 1540 497 1605; x_wconf 89' lang='lat' dir='ltr'><strong>haud</strong></span> <span class='ocrx_word' id='word_1_65' title='bbox 510 1541 608 1608; x_wconf 91' lang='lat' dir='ltr'><strong>nobis</strong></span> <span class='ocrx_word' id='word_1_66' title='bbox 623 1541 799 1629; x_wconf 90' lang='lat' dir='ltr'><strong>quicquam</strong></span> <span class='ocrx_word' id='word_1_67' title='bbox 809 1591 818 1618; x_wconf 97' lang='lat'><strong>,</strong></span> <span class='ocrx_word' id='word_1_68' title='bbox 828 1543 887 1628; x_wconf 95' lang='lat' dir='ltr'><strong>qui</strong></span> <span class='ocrx_word' id='word_1_69' title='bbox 900 1565 969 1608; x_wconf 91' lang='lat' dir='ltr'><strong>non</strong></span> <span class='ocrx_word' id='word_1_70' title='bbox 984 1544 1104 1607; x_wconf 90' lang='lat' dir='ltr'><strong>erimus</strong></span> <span class='ocrx_word' id='word_1_71' title='bbox 1119 1551 1207 1616; x_wconf 90' lang='lat' dir='ltr'><strong>tum,</strong></span> 
     </span>
     <span class='ocr_line' id='line_1_11' title="bbox 252 1657 1070 1743; baseline -0.002 -19"><span class='ocrx_word' id='word_1_72' title='bbox 252 1658 404 1724; x_wconf 86' lang='lat' dir='ltr'><strong>accidere</strong></span> <span class='ocrx_word' id='word_1_73' title='bbox 419 1657 552 1722; x_wconf 91' lang='lat' dir='ltr'><strong>omnino</strong></span> <span class='ocrx_word' id='word_1_74' title='bbox 567 1657 693 1742; x_wconf 88' lang='lat' dir='ltr'><strong>poterit</strong></span> <span class='ocrx_word' id='word_1_75' title='bbox 705 1678 906 1743; x_wconf 86' lang='lat' dir='ltr'><strong>sensumque</strong></span> <span class='ocrx_word' id='word_1_76' title='bbox 919 1679 1070 1734; x_wconf 83' lang='lat' dir='ltr'><strong>movere,</strong></span> 
     </span>
     <span class='ocr_line' id='line_1_12' title="bbox 250 1771 1042 1839; baseline -0.003 -1"><span class='ocrx_word' id='word_1_77' title='bbox 250 1795 319 1839; x_wconf 89' lang='lat' dir='ltr'><strong>non</strong></span> <span class='ocrx_word' id='word_1_78' title='bbox 333 1774 362 1837; x_wconf 94' lang='lat' dir='ltr'><strong>si</strong></span> <span class='ocrx_word' id='word_1_79' title='bbox 375 1781 465 1838; x_wconf 90' lang='lat' dir='ltr'><strong>terra</strong></span> <span class='ocrx_word' id='word_1_80' title='bbox 478 1771 560 1835; x_wconf 88' lang='lat' dir='ltr'><strong>mari</strong></span> <span class='ocrx_word' id='word_1_81' title='bbox 574 1771 766 1837; x_wconf 85' lang='lat' dir='ltr'><strong>miscebitur</strong></span> <span class='ocrx_word' id='word_1_82' title='bbox 781 1780 815 1838; x_wconf 91' lang='lat' dir='ltr'><strong>et</strong></span> <span class='ocrx_word' id='word_1_83' title='bbox 829 1793 920 1837; x_wconf 89' lang='lat' dir='ltr'><strong>mare</strong></span> <span class='ocrx_word' id='word_1_84' title='bbox 935 1772 1042 1838; x_wconf 86' lang='lat' dir='ltr'><strong>caelo.</strong></span> 
     </span>
     <span class='ocr_line' id='line_1_13' title="bbox 251 1885 1096 1973; baseline -0.001 -21"><span class='ocrx_word' id='word_1_85' title='bbox 251 1897 285 1954; x_wconf 93' lang='lat' dir='ltr'><strong>et</strong></span> <span class='ocrx_word' id='word_1_86' title='bbox 298 1889 327 1953; x_wconf 92' lang='lat' dir='ltr'><strong>si</strong></span> <span class='ocrx_word' id='word_1_87' title='bbox 340 1889 404 1952; x_wconf 89' lang='lat' dir='ltr'><strong>iam</strong></span> <span class='ocrx_word' id='word_1_88' title='bbox 419 1894 536 1952; x_wconf 91' lang='lat' dir='ltr'><strong>nostro</strong></span> <span class='ocrx_word' id='word_1_89' title='bbox 552 1887 654 1951; x_wconf 87' lang='lat' dir='ltr'><strong>sentit</strong></span> <span class='ocrx_word' id='word_1_90' title='bbox 669 1885 712 1950; x_wconf 90' lang='lat' dir='ltr'><strong>de</strong></span> <span class='ocrx_word' id='word_1_91' title='bbox 727 1908 889 1973; x_wconf 89' lang='lat' dir='ltr'><strong>corpore,</strong></span> <span class='ocrx_word' id='word_1_92' title='bbox 900 1895 981 1972; x_wconf 90' lang='lat' dir='ltr'><strong>post</strong></span> <span class='ocrx_word' id='word_1_93' title='bbox 995 1908 1096 1972; x_wconf 92' lang='lat' dir='ltr'><strong>quam</strong></span> 
     </span>
     <span class='ocr_line' id='line_1_14' title="bbox 251 2001 1096 2088; baseline 0 -21"><span class='ocrx_word' id='word_1_94' title='bbox 251 2002 462 2077; x_wconf 78' lang='lat' dir='ltr'><strong>distractast,</strong></span> <span class='ocrx_word' id='word_1_95' title='bbox 473 2001 572 2066; x_wconf 86' lang='lat' dir='ltr'><strong>animi</strong></span> <span class='ocrx_word' id='word_1_96' title='bbox 585 2013 706 2066; x_wconf 89' lang='lat' dir='ltr'><strong>natura</strong></span> <span class='ocrx_word' id='word_1_97' title='bbox 720 2003 915 2088; x_wconf 85' lang='lat' dir='ltr'><strong>animaeque</strong></span> <span class='ocrx_word' id='word_1_98' title='bbox 929 2009 1096 2088; x_wconf 86' lang='lat' dir='ltr'><strong>potestas,</strong></span> 
     </span>
    </p>

    <p class='ocr_par' dir='ltr' id='par_1_6' title="bbox 177 2115 1179 2662">
     <span class='ocr_line' id='line_1_15' title="bbox 177 2115 1095 2203; baseline -0.001 -21"><span class='ocrx_word' id='word_1_99' title='bbox 177 2137 226 2182; x_wconf 78' lang='grc'><strong>845</strong></span> <span class='ocrx_word' id='word_1_100' title='bbox 247 2118 295 2182; x_wconf 90' lang='lat' dir='ltr'><strong>nil</strong></span> <span class='ocrx_word' id='word_1_101' title='bbox 307 2125 420 2183; x_wconf 85' lang='lat' dir='ltr'><strong>tamen</strong></span> <span class='ocrx_word' id='word_1_102' title='bbox 434 2124 486 2182; x_wconf 91' lang='lat' dir='ltr'><strong>est</strong></span> <span class='ocrx_word' id='word_1_103' title='bbox 500 2115 544 2180; x_wconf 91' lang='lat' dir='ltr'><strong>ad</strong></span> <span class='ocrx_word' id='word_1_104' title='bbox 558 2137 638 2193; x_wconf 90' lang='lat' dir='ltr'><strong>nos,</strong></span> <span class='ocrx_word' id='word_1_105' title='bbox 649 2117 707 2203; x_wconf 90' lang='lat' dir='ltr'><strong>qui</strong></span> <span class='ocrx_word' id='word_1_106' title='bbox 722 2125 858 2202; x_wconf 83' lang='lat' dir='ltr'><strong>comptu</strong></span> <span class='ocrx_word' id='word_1_107' title='bbox 872 2117 1095 2203; x_wconf 88' lang='lat' dir='ltr'><strong>coniugioque</strong></span> 
     </span>
     <span class='ocr_line' id='line_1_16' title="bbox 250 2231 1108 2321; baseline -0.003 -22"><span class='ocrx_word' id='word_1_108' title='bbox 250 2233 401 2321; x_wconf 86' lang='lat' dir='ltr'><strong>corporis</strong></span> <span class='ocrx_word' id='word_1_109' title='bbox 415 2241 518 2318; x_wconf 86' lang='lat' dir='ltr'><strong>atque</strong></span> <span class='ocrx_word' id='word_1_110' title='bbox 532 2231 659 2296; x_wconf 79' lang='lat' dir='ltr'><strong>animae</strong></span> <span class='ocrx_word' id='word_1_111' title='bbox 674 2233 885 2297; x_wconf 90' lang='lat' dir='ltr'><strong>consistimus</strong></span> <span class='ocrx_word' id='word_1_112' title='bbox 898 2234 1008 2298; x_wconf 89' lang='lat' dir='ltr'><strong>uniter</strong></span> <span class='ocrx_word' id='word_1_113' title='bbox 1023 2233 1108 2318; x_wconf 91' lang='lat' dir='ltr'><strong>apti.</strong></span> 
     </span>
     <span class='ocr_line' id='line_1_17' title="bbox 249 2347 1011 2433; baseline -0.001 -20"><span class='ocrx_word' id='word_1_114' title='bbox 249 2371 329 2426; x_wconf 91' lang='lat' dir='ltr'><strong>nec,</strong></span> <span class='ocrx_word' id='word_1_115' title='bbox 340 2349 368 2413; x_wconf 93' lang='lat' dir='ltr'><strong>si</strong></span> <span class='ocrx_word' id='word_1_116' title='bbox 382 2347 554 2413; x_wconf 82' lang='lat' dir='ltr'><strong>materiem</strong></span> <span class='ocrx_word' id='word_1_117' title='bbox 566 2353 716 2412; x_wconf 89' lang='lat' dir='ltr'><strong>nostram</strong></span> <span class='ocrx_word' id='word_1_118' title='bbox 731 2347 905 2433; x_wconf 83' lang='lat' dir='ltr'><strong>collegerit</strong></span> <span class='ocrx_word' id='word_1_119' title='bbox 918 2355 1011 2413; x_wconf 87' lang='lat' dir='ltr'><strong>aetas</strong></span> 
     </span>
     <span class='ocr_line' id='line_1_18' title="bbox 249 2462 1179 2550; baseline -0.001 -23"><span class='ocrx_word' id='word_1_120' title='bbox 249 2472 330 2550; x_wconf 89' lang='lat' dir='ltr'><strong>post</strong></span> <span class='ocrx_word' id='word_1_121' title='bbox 344 2463 470 2527; x_wconf 90' lang='lat' dir='ltr'><strong>obitum</strong></span> <span class='ocrx_word' id='word_1_122' title='bbox 483 2483 682 2547; x_wconf 86' lang='lat' dir='ltr'><strong>rursumque</strong></span> <span class='ocrx_word' id='word_1_123' title='bbox 696 2462 865 2548; x_wconf 86' lang='lat' dir='ltr'><strong>redegerit</strong></span> <span class='ocrx_word' id='word_1_124' title='bbox 878 2470 917 2527; x_wconf 90' lang='lat' dir='ltr'><strong>ut</strong></span> <span class='ocrx_word' id='word_1_125' title='bbox 931 2463 996 2528; x_wconf 85' lang='lat' dir='ltr'><strong>sita</strong></span> <span class='ocrx_word' id='word_1_126' title='bbox 1010 2483 1098 2527; x_wconf 88' lang='lat' dir='ltr'><strong>nunc</strong></span> <span class='ocrx_word' id='word_1_127' title='bbox 1113 2472 1179 2537; x_wconf 91' lang='lat' dir='ltr'><strong>est,</strong></span> 
     </span>
     <span class='ocr_line' id='line_1_19' title="bbox 249 2574 1080 2662; baseline 0.001 -21"><span class='ocrx_word' id='word_1_128' title='bbox 249 2586 350 2662; x_wconf 85' lang='lat' dir='ltr'><strong>atque</strong></span> <span class='ocrx_word' id='word_1_129' title='bbox 364 2577 483 2641; x_wconf 90' lang='lat' dir='ltr'><strong>iterum</strong></span> <span class='ocrx_word' id='word_1_130' title='bbox 496 2577 595 2640; x_wconf 89' lang='lat' dir='ltr'><strong>nobis</strong></span> <span class='ocrx_word' id='word_1_131' title='bbox 608 2574 732 2640; x_wconf 86' lang='lat' dir='ltr'><strong>fuerint</strong></span> <span class='ocrx_word' id='word_1_132' title='bbox 746 2575 827 2640; x_wconf 85' lang='lat' dir='ltr'><strong>data</strong></span> <span class='ocrx_word' id='word_1_133' title='bbox 840 2576 963 2643; x_wconf 86' lang='lat' dir='ltr'><strong>lumina</strong></span> <span class='ocrx_word' id='word_1_134' title='bbox 976 2575 1080 2654; x_wconf 86' lang='lat' dir='ltr'><strong>vitae,</strong></span> 
     </span>
    </p>

    <p class='ocr_par' dir='ltr' id='par_1_7' title="bbox 73 2689 1291 3238">
     <span class='ocr_line' id='line_1_20' title="bbox 73 2689 1291 2780; baseline 0.003 -26"><span class='ocrx_word' id='word_1_135' title='bbox 73 2759 76 2766; x_wconf 67' lang='grc'>,</span> <span class='ocrx_word' id='word_1_136' title='bbox 177 2709 227 2756; x_wconf 86' lang='grc'><strong>858</strong></span> <span class='ocrx_word' id='word_1_137' title='bbox 248 2691 417 2778; x_wconf 87' lang='lat' dir='ltr'><strong>pertineat</strong></span> <span class='ocrx_word' id='word_1_138' title='bbox 432 2690 610 2776; x_wconf 88' lang='lat' dir='ltr'><strong>quicquam</strong></span> <span class='ocrx_word' id='word_1_139' title='bbox 623 2696 736 2754; x_wconf 90' lang='lat' dir='ltr'><strong>tamen</strong></span> <span class='ocrx_word' id='word_1_140' title='bbox 750 2690 795 2754; x_wconf 88' lang='lat' dir='ltr'><strong>ad</strong></span> <span class='ocrx_word' id='word_1_141' title='bbox 808 2713 872 2756; x_wconf 91' lang='lat' dir='ltr'><strong>nos</strong></span> <span class='ocrx_word' id='word_1_142' title='bbox 885 2689 921 2755; x_wconf 92' lang='lat' dir='ltr'><strong>id</strong></span> <span class='ocrx_word' id='word_1_143' title='bbox 936 2714 1073 2778; x_wconf 91' lang='lat' dir='ltr'><strong>quoque</strong></span> <span class='ocrx_word' id='word_1_144' title='bbox 1085 2692 1226 2766; x_wconf 80' lang='lat' dir='ltr'><strong>fectum,</strong></span> <span class='ocrx_word' id='word_1_145' title='bbox 1286 2772 1291 2780; x_wconf 29' lang='grc' dir='ltr'>Ι</span> 
     </span>
     <span class='ocr_line' id='line_1_21' title="bbox 250 2805 1030 2891; baseline 0.003 -22"><span class='ocrx_word' id='word_1_146' title='bbox 250 2806 439 2891; x_wconf 84' lang='lat' dir='ltr'><strong>interrupta</strong></span> <span class='ocrx_word' id='word_1_147' title='bbox 453 2805 555 2870; x_wconf 87' lang='lat' dir='ltr'><strong>semel</strong></span> <span class='ocrx_word' id='word_1_148' title='bbox 569 2825 646 2869; x_wconf 90' lang='lat' dir='ltr'><strong>cum</strong></span> <span class='ocrx_word' id='word_1_149' title='bbox 660 2805 704 2869; x_wconf 88' lang='lat' dir='ltr'><strong>sit</strong></span> <span class='ocrx_word' id='word_1_150' title='bbox 716 2805 895 2870; x_wconf 88' lang='lat' dir='ltr'><strong>retinentia</strong></span> <span class='ocrx_word' id='word_1_151' title='bbox 908 2808 1030 2872; x_wconf 86' lang='lat' dir='ltr'><strong>nostri.</strong></span> 
     </span>
     <span class='ocr_line' id='line_1_22' title="bbox 250 2918 995 2998; baseline 0.001 -13"><span class='ocrx_word' id='word_1_152' title='bbox 250 2929 285 2986; x_wconf 90' lang='lat' dir='ltr'><strong>et</strong></span> <span class='ocrx_word' id='word_1_153' title='bbox 297 2941 387 2985; x_wconf 90' lang='lat' dir='ltr'><strong>nunc</strong></span> <span class='ocrx_word' id='word_1_154' title='bbox 401 2919 448 2984; x_wconf 92' lang='lat' dir='ltr'><strong>nil</strong></span> <span class='ocrx_word' id='word_1_155' title='bbox 462 2919 507 2985; x_wconf 88' lang='lat' dir='ltr'><strong>ad</strong></span> <span class='ocrx_word' id='word_1_156' title='bbox 519 2942 584 2986; x_wconf 90' lang='lat' dir='ltr'><strong>nos</strong></span> <span class='ocrx_word' id='word_1_157' title='bbox 599 2918 643 2986; x_wconf 92' lang='lat' dir='ltr'><strong>de</strong></span> <span class='ocrx_word' id='word_1_158' title='bbox 657 2921 754 2986; x_wconf 90' lang='lat' dir='ltr'><strong>nobis</strong></span> <span class='ocrx_word' id='word_1_159' title='bbox 768 2921 905 2998; x_wconf 84' lang='lat' dir='ltr'><strong>attinet,</strong></span> <span class='ocrx_word' id='word_1_160' title='bbox 917 2931 995 2986; x_wconf 88' lang='lat' dir='ltr'><strong>ante</strong></span> 
     </span>
     <span class='ocr_line' id='line_1_23' title="bbox 249 3035 1134 3124; baseline -0.002 -22"><span class='ocrx_word' id='word_1_161' title='bbox 249 3038 307 3124; x_wconf 93' lang='lat' dir='ltr'><strong>qui</strong></span> <span class='ocrx_word' id='word_1_162' title='bbox 319 3036 441 3102; x_wconf 88' lang='lat' dir='ltr'><strong>fuimus</strong></span> <span class='ocrx_word' id='word_1_163' title='bbox 450 3085 458 3114; x_wconf 89' lang='lat'>‚</span> <span class='ocrx_word' id='word_1_164' title='bbox 468 3057 579 3122; x_wconf 91' lang='lat' dir='ltr'><strong>neque</strong></span> <span class='ocrx_word' id='word_1_165' title='bbox 593 3037 658 3101; x_wconf 85' lang='lat' dir='ltr'><strong>iam</strong></span> <span class='ocrx_word' id='word_1_166' title='bbox 673 3035 716 3100; x_wconf 86' lang='lat' dir='ltr'><strong>de</strong></span> <span class='ocrx_word' id='word_1_167' title='bbox 729 3035 794 3100; x_wconf 91' lang='lat' dir='ltr'><strong>illis</strong></span> <span class='ocrx_word' id='word_1_168' title='bbox 806 3058 871 3100; x_wconf 90' lang='lat' dir='ltr'><strong>nos</strong></span> <span class='ocrx_word' id='word_1_169' title='bbox 887 3035 1001 3102; x_wconf 86' lang='lat' dir='ltr'><strong>adficit</strong></span> <span class='ocrx_word' id='word_1_170' title='bbox 1015 3058 1134 3124; x_wconf 88' lang='lat' dir='ltr'><strong>angor.</strong></span> 
     </span>
     <span class='ocr_line' id='line_1_24' title="bbox 248 3152 1030 3238; baseline -0.003 -21"><span class='ocrx_word' id='word_1_171' title='bbox 248 3174 326 3217; x_wconf 86' lang='lat' dir='ltr'><strong>nam</strong></span> <span class='ocrx_word' id='word_1_172' title='bbox 340 3173 415 3216; x_wconf 92' lang='lat' dir='ltr'><strong>cum</strong></span> <span class='ocrx_word' id='word_1_173' title='bbox 428 3152 587 3238; x_wconf 86' lang='lat' dir='ltr'><strong>respicias</strong></span> <span class='ocrx_word' id='word_1_174' title='bbox 601 3152 741 3219; x_wconf 89' lang='lat' dir='ltr'><strong>inmensi</strong></span> <span class='ocrx_word' id='word_1_175' title='bbox 755 3152 916 3238; x_wconf 88' lang='lat' dir='ltr'><strong>temporis</strong></span> <span class='ocrx_word' id='word_1_176' title='bbox 932 3172 1030 3216; x_wconf 90' lang='lat' dir='ltr'><strong>omne</strong></span> 
     </span>
    </p>

    <p class='ocr_par' dir='ltr' id='par_1_8' title="bbox 176 3265 1196 3582">
     <span class='ocr_line' id='line_1_25' title="bbox 176 3265 1011 3355; baseline -0.001 -25"><span class='ocrx_word' id='word_1_177' title='bbox 176 3285 225 3330; x_wconf 90' lang='grc'><strong>855</strong></span> <span class='ocrx_word' id='word_1_178' title='bbox 246 3268 463 3355; x_wconf 89' lang='lat' dir='ltr'><strong>praeteritum</strong></span> <span class='ocrx_word' id='word_1_179' title='bbox 478 3267 640 3353; x_wconf 89' lang='lat' dir='ltr'><strong>spatium,</strong></span> <span class='ocrx_word' id='word_1_180' title='bbox 651 3275 722 3330; x_wconf 91' lang='lat' dir='ltr'><strong>tum</strong></span> <span class='ocrx_word' id='word_1_181' title='bbox 735 3275 846 3330; x_wconf 90' lang='lat' dir='ltr'><strong>motus</strong></span> <span class='ocrx_word' id='word_1_182' title='bbox 859 3265 1011 3330; x_wconf 87' lang='lat' dir='ltr'><strong>materiai</strong></span> 
     </span>
     <span class='ocr_line' id='line_1_26' title="bbox 247 3377 1190 3468; baseline -0.002 -23"><span class='ocrx_word' id='word_1_183' title='bbox 247 3380 449 3446; x_wconf 86' lang='lat' dir='ltr'><strong>multimodis</strong></span> <span class='ocrx_word' id='word_1_184' title='bbox 465 3401 565 3467; x_wconf 90' lang='lat' dir='ltr'><strong>quam</strong></span> <span class='ocrx_word' id='word_1_185' title='bbox 579 3379 770 3456; x_wconf 84' lang='lat' dir='ltr'><strong>sint,facile</strong></span> <span class='ocrx_word' id='word_1_186' title='bbox 784 3379 850 3445; x_wconf 92' lang='lat' dir='ltr'><strong>hoc</strong></span> <span class='ocrx_word' id='word_1_187' title='bbox 865 3377 1049 3445; x_wconf 90' lang='lat' dir='ltr'><strong>adcredere</strong></span> <span class='ocrx_word' id='word_1_188' title='bbox 1063 3381 1190 3468; x_wconf 88' lang='lat' dir='ltr'><strong>possis,</strong></span> 
     </span>
     <span class='ocr_line' id='line_1_27' title="bbox 248 3492 1196 3582; baseline 0.002 -24"><span class='ocrx_word' id='word_1_189' title='bbox 248 3495 374 3560; x_wconf 88' lang='lat' dir='ltr'><strong>semina</strong></span> <span class='ocrx_word' id='word_1_190' title='bbox 387 3515 489 3581; x_wconf 91' lang='lat' dir='ltr'><strong>saepe</strong></span> <span class='ocrx_word' id='word_1_191' title='bbox 502 3494 537 3558; x_wconf 94' lang='lat' dir='ltr'><strong>in</strong></span> <span class='ocrx_word' id='word_1_192' title='bbox 552 3492 672 3559; x_wconf 88' lang='lat' dir='ltr'><strong>eodem</strong></span> <span class='ocrx_word' id='word_1_193' title='bbox 681 3541 689 3568; x_wconf 92' lang='lat'><strong>,</strong></span> <span class='ocrx_word' id='word_1_194' title='bbox 699 3501 739 3558; x_wconf 92' lang='lat' dir='ltr'><strong>ut</strong></span> <span class='ocrx_word' id='word_1_195' title='bbox 751 3515 841 3558; x_wconf 89' lang='lat' dir='ltr'><strong>nunc</strong></span> <span class='ocrx_word' id='word_1_196' title='bbox 856 3503 951 3570; x_wconf 90' lang='lat' dir='ltr'><strong>sunt,</strong></span> <span class='ocrx_word' id='word_1_197' title='bbox 963 3494 1081 3560; x_wconf 89' lang='lat' dir='ltr'><strong>ordine</strong></span> <span class='ocrx_word' id='word_1_198' title='bbox 1095 3504 1196 3582; x_wconf 80' lang='lat' dir='ltr'><strong>poste</strong></span> 
     </span>
    </p>

    <p class='ocr_par' dir='ltr' id='par_1_9' title="bbox 174 3607 1193 3694">
     <span class='ocr_line' id='line_1_28' title="bbox 174 3607 1193 3694; baseline -0.001 -20"><span class='ocrx_word' id='word_1_199' title='bbox 174 3627 224 3674; x_wconf 89' lang='grc'><strong>885</strong></span> <span class='ocrx_word' id='word_1_200' title='bbox 245 3609 330 3674; x_wconf 90' lang='lat' dir='ltr'><strong>haec</strong></span> <span class='ocrx_word' id='word_1_201' title='bbox 345 3607 479 3684; x_wconf 91' lang='lat' dir='ltr'><strong>eadem,</strong></span> <span class='ocrx_word' id='word_1_202' title='bbox 492 3609 612 3694; x_wconf 92' lang='lat' dir='ltr'><strong>quibus</strong></span> <span class='ocrx_word' id='word_1_203' title='bbox 627 3631 646 3672; x_wconf 96' lang='grc'><strong>8</strong></span> <span class='ocrx_word' id='word_1_204' title='bbox 660 3630 748 3674; x_wconf 91' lang='lat' dir='ltr'><strong>nunc</strong></span> <span class='ocrx_word' id='word_1_205' title='bbox 763 3631 825 3674; x_wconf 91' lang='lat' dir='ltr'><strong>nos</strong></span> <span class='ocrx_word' id='word_1_206' title='bbox 840 3630 971 3686; x_wconf 89' lang='lat' dir='ltr'><strong>sumus,</strong></span> <span class='ocrx_word' id='word_1_207' title='bbox 983 3619 1060 3676; x_wconf 89' lang='lat' dir='ltr'><strong>ante</strong></span> <span class='ocrx_word' id='word_1_208' title='bbox 1074 3610 1193 3675; x_wconf 82' lang='lat' dir='ltr'><strong>fuisse:</strong></span> 
     </span>
    </p>

    <p class='ocr_par' dir='ltr' id='par_1_10' title="bbox 174 3722 1201 3926">
     <span class='ocr_line' id='line_1_29' title="bbox 174 3722 1201 3812; baseline 0.001 -24"><span class='ocrx_word' id='word_1_209' title='bbox 174 3741 224 3790; x_wconf 92' lang='grc'><strong>858</strong></span> <span class='ocrx_word' id='word_1_210' title='bbox 244 3746 307 3789; x_wconf 90' lang='lat' dir='ltr'><strong>nec</strong></span> <span class='ocrx_word' id='word_1_211' title='bbox 321 3723 458 3788; x_wconf 86' lang='lat' dir='ltr'><strong>memori</strong></span> <span class='ocrx_word' id='word_1_212' title='bbox 471 3731 583 3788; x_wconf 83' lang='lat' dir='ltr'><strong>tamen</strong></span> <span class='ocrx_word' id='word_1_213' title='bbox 596 3722 633 3788; x_wconf 95' lang='lat' dir='ltr'><strong>id</strong></span> <span class='ocrx_word' id='word_1_214' title='bbox 647 3724 777 3810; x_wconf 89' lang='lat' dir='ltr'><strong>quimus</strong></span> <span class='ocrx_word' id='word_1_215' title='bbox 791 3725 1062 3812; x_wconf 89' lang='lat' dir='ltr'><strong>repraehendere</strong></span> <span class='ocrx_word' id='word_1_216' title='bbox 1076 3733 1201 3791; x_wconf 89' lang='lat' dir='ltr'><strong>mente:</strong></span> 
     </span>
     <span class='ocr_line' id='line_1_30' title="bbox 245 3839 963 3926; baseline 0 -22"><span class='ocrx_word' id='word_1_217' title='bbox 245 3841 333 3904; x_wconf 89' lang='lat' dir='ltr'><strong>inter</strong></span> <span class='ocrx_word' id='word_1_218' title='bbox 349 3839 435 3902; x_wconf 92' lang='lat' dir='ltr'><strong>enim</strong></span> <span class='ocrx_word' id='word_1_219' title='bbox 449 3839 568 3904; x_wconf 90' lang='lat' dir='ltr'><strong>iectast</strong></span> <span class='ocrx_word' id='word_1_220' title='bbox 582 3839 661 3904; x_wconf 87' lang='lat' dir='ltr'><strong>vitai</strong></span> <span class='ocrx_word' id='word_1_221' title='bbox 676 3861 798 3924; x_wconf 82' lang='lat' dir='ltr'><strong>pausa,</strong></span> <span class='ocrx_word' id='word_1_222' title='bbox 812 3861 963 3926; x_wconf 82' lang='lat' dir='ltr'><strong>vageque</strong></span> 
     </span>
    </p>

    <p class='ocr_par' dir='ltr' id='par_1_11' title="bbox 174 3953 1135 4156">
     <span class='ocr_line' id='line_1_31' title="bbox 174 3953 1083 4041; baseline 0.002 -23"><span class='ocrx_word' id='word_1_223' title='bbox 174 3973 225 4019; x_wconf 86' lang='grc'><strong>858</strong></span> <span class='ocrx_word' id='word_1_224' title='bbox 247 3953 447 4018; x_wconf 85' lang='lat' dir='ltr'><strong>deerrarunt</strong></span> <span class='ocrx_word' id='word_1_225' title='bbox 460 3955 583 4041; x_wconf 85' lang='lat' dir='ltr'><strong>passim</strong></span> <span class='ocrx_word' id='word_1_226' title='bbox 597 3964 707 4021; x_wconf 91' lang='lat' dir='ltr'><strong>motus</strong></span> <span class='ocrx_word' id='word_1_227' title='bbox 722 3956 765 4021; x_wconf 87' lang='lat' dir='ltr'><strong>ab</strong></span> <span class='ocrx_word' id='word_1_228' title='bbox 781 3957 934 4021; x_wconf 88' lang='lat' dir='ltr'><strong>sensibus</strong></span> <span class='ocrx_word' id='word_1_229' title='bbox 949 3977 1083 4020; x_wconf 89' lang='lat' dir='ltr'><strong>omnes.</strong></span> 
     </span>
     <span class='ocr_line' id='line_1_32' title="bbox 248 4068 1135 4156; baseline 0.002 -22"><span class='ocrx_word' id='word_1_230' title='bbox 248 4069 351 4134; x_wconf 90' lang='lat' dir='ltr'><strong>debet</strong></span> <span class='ocrx_word' id='word_1_231' title='bbox 364 4068 466 4146; x_wconf 87' lang='lat' dir='ltr'><strong>enim,</strong></span> <span class='ocrx_word' id='word_1_232' title='bbox 477 4069 597 4135; x_wconf 90' lang='lat' dir='ltr'><strong>misere</strong></span> <span class='ocrx_word' id='word_1_233' title='bbox 611 4069 639 4134; x_wconf 93' lang='lat' dir='ltr'><strong>si</strong></span> <span class='ocrx_word' id='word_1_234' title='bbox 653 4069 742 4135; x_wconf 86' lang='lat' dir='ltr'><strong>forte</strong></span> <span class='ocrx_word' id='word_1_235' title='bbox 756 4091 924 4156; x_wconf 88' lang='lat' dir='ltr'><strong>aegreque</strong></span> <span class='ocrx_word' id='word_1_236' title='bbox 938 4070 1135 4146; x_wconf 85' lang='lat' dir='ltr'><strong>futurumst,</strong></span> 
     </span>
    </p>
   </div>
   <div class='ocr_carea' id='block_1_3' title="bbox 248 4349 1391 4506">
    <p class='ocr_par' dir='ltr' id='par_1_12' title="bbox 248 4349 1391 4506">
     <span class='ocr_line' id='line_1_33' title="bbox 250 4349 1391 4422; baseline 0 -18"><span class='ocrx_word' id='word_1_237' title='bbox 250 4357 299 4404; x_wconf 84' lang='grc'><strong>885</strong></span> <span class='ocrx_word' id='word_1_238' title='bbox 319 4350 403 4404; x_wconf 87' lang='lat' dir='ltr'><strong>auris.</strong></span> <span class='ocrx_word' id='word_1_239' title='bbox 427 4351 437 4420; x_wconf 85' lang='grc' dir='ltr'><strong>ΙΙ</strong></span> <span class='ocrx_word' id='word_1_240' title='bbox 460 4357 509 4404; x_wconf 78' lang='grc'>844</span> <span class='ocrx_word' id='word_1_241' title='bbox 529 4349 678 4404; x_wconf 83' lang='lat' dir='ltr'><strong>Distractas</strong></span> <span class='ocrx_word' id='word_1_242' title='bbox 698 4351 708 4422; x_wconf 88' lang='grc' dir='ltr'><strong>ΙΙ</strong></span> <span class='ocrx_word' id='word_1_243' title='bbox 726 4357 773 4403; x_wconf 82' lang='grc'><strong>851</strong></span> <span class='ocrx_word' id='word_1_244' title='bbox 793 4349 912 4418; x_wconf 85' lang='lat' dir='ltr'><strong>repentia</strong></span> <span class='ocrx_word' id='word_1_245' title='bbox 929 4353 1042 4404; x_wconf 85' lang='lat' dir='ltr'><strong>uostris.</strong></span> <span class='ocrx_word' id='word_1_246' title='bbox 1062 4353 1072 4422; x_wconf 77' lang='grc' dir='ltr'><strong>ΙΙ</strong></span> <span class='ocrx_word' id='word_1_247' title='bbox 1091 4359 1140 4405; x_wconf 86' lang='grc'><strong>853</strong></span> <span class='ocrx_word' id='word_1_248' title='bbox 1159 4353 1248 4405; x_wconf 75' lang='lat' dir='ltr'><strong>surmus</strong></span> <span class='ocrx_word' id='word_1_249' title='bbox 1267 4353 1277 4422; x_wconf 87' lang='grc' dir='ltr'><strong>ΙΙ</strong></span> <span class='ocrx_word' id='word_1_250' title='bbox 1296 4369 1391 4422; x_wconf 85' lang='lat' dir='ltr'><strong>neque</strong></span> 
     </span>
     <span class='ocr_line' id='line_1_34' title="bbox 248 4429 1025 4506; baseline -0.001 -18"><span class='ocrx_word' id='word_1_251' title='bbox 248 4443 382 4490; x_wconf 72' lang='lat' dir='ltr'><strong>emicem.</strong></span> <span class='ocrx_word' id='word_1_252' title='bbox 400 4434 410 4504; x_wconf 74' lang='lat' dir='ltr'><strong>ll</strong></span> <span class='ocrx_word' id='word_1_253' title='bbox 429 4434 522 4506; x_wconf 85' lang='lat' dir='ltr'><strong>adfigit</strong></span> <span class='ocrx_word' id='word_1_254' title='bbox 540 4433 550 4506; x_wconf 85' lang='grc' dir='ltr'><strong>ΙΙ</strong></span> <span class='ocrx_word' id='word_1_255' title='bbox 569 4439 618 4488; x_wconf 86' lang='grc'><strong>856</strong></span> <span class='ocrx_word' id='word_1_256' title='bbox 637 4432 788 4488; x_wconf 87' lang='lat' dir='ltr'><strong>Multimodi</strong></span> <span class='ocrx_word' id='word_1_257' title='bbox 808 4429 818 4502; x_wconf 88' lang='grc' dir='ltr'><strong>ΙΙ</strong></span> <span class='ocrx_word' id='word_1_258' title='bbox 836 4438 882 4485; x_wconf 83' lang='grc'>861</span> <span class='ocrx_word' id='word_1_259' title='bbox 903 4434 1025 4488; x_wconf 83' lang='lat' dir='ltr'><strong>uriserest</strong></span> 
     </span>
    </p>
   </div>
   <div class='ocr_carea' id='block_1_4' title="bbox 0 0 1490 5268">
    <p class='ocr_par' dir='ltr' id='par_1_13' title="bbox 0 0 1490 5268">
     <span class='ocr_line' id='line_1_35' title="bbox 0 0 1490 5268; baseline 0 3"><span class='ocrx_word' id='word_1_260' title='bbox 0 0 1490 5268; x_wconf 95' lang='lat' dir='ltr'><strong> </strong></span> 
     </span>
    </p>
   </div>
  </div>
 </body>
</html>
