2970 5268
537 492 538 496 ¹
609 467 642 534 V

56 662 60 698 ι
85 645 219 730 expulerit
233 643 359 718 dictis,
370 662 438 706 non
453 642 552 707 armis
562 689 569 718 ‚
580 662 693 705 nonne
708 641 840 708 decebit

82 760 145 822 hunc
157 759 331 824 hominem
345 778 483 820 numero
499 755 610 820 divom
626 755 795 841 dignarier
810 759 907 822 esse?

80 895 130 936 mn
141 875 224 937 bene
240 871 445 961 praesertim
459 871 563 934 multu
577 892 616 935 ec
632 869 788 935 divinitus
802 873 884 958 ipsis

78 989 283 1053 inmortalibu'
301 987 347 1050 de
363 985 449 1050 divis
464 985 545 1050 dere
560 983 650 1050 diets
664 987 768 1050 suirit

76 1118 151 1186 utque
166 1124 307 1169 omnem
322 1121 432 1166 rerum
446 1109 598 1164 naturam
613 1099 763 1186 pandere
778 1099 888 1166 dictis.

55 1232 59 1238 ’
102 1215 191 1280 Cuius
207 1239 275 1304 ego
291 1198 624 1302 ing'ressus'uestigis¹
638 1215 716 1279 dum
731 1217 880 1280 rationes
906 1209 910 1217 ’

74 1351 235 1416 persequor
251 1353 296 1396 ae
314 1330 422 1396 doceo
436 1328 551 1400 dictis.
565 1351 632 1415 quo
649 1351 801 1416 quaeque
817 1341 930 1404 creata

73 1442 185 1510 [cedere
201 1447 294 1522 sint,
306 1448 341 1510 in
357 1467 396 1508 eo
413 1466 512 1531 quum
526 1446 570 1510 sit
584 1443 706 1509 durare
720 1467 894 1511 necessum

73 1579 116 1620 uec
127 1560 256 1626 ualidas
271 1562 409 1628 valeant
424 1562 496 1624 sevi
509 1559 702 1624 rescindere
716 1561 823 1647 leges,

74 1694 121 1754 que
134 1696 258 1761 genere
272 1678 312 1740 in
326 1675 440 1762 primis
454 1675 553 1740 animi
567 1683 687 1740 nature
701 1683 836 1762 reperte
852 1687 902 1741 est

32 1801 54 1840 ἶν
72 1789 162 1853 ratim
176 1792 328 1877 primum
343 1791 527 1855 consistere
541 1811 683 1878 corpore
698 1798 790 1855 crete

72 1922 116 1965 uec
128 1927 229 1989 posse
244 1904 424 1970 incolumis
439 1926 594 1990 magnum
609 1903 730 1969 durare
744 1926 806 1993 per
819 1927 952 1982 aevom,

32 2044 33 2086 u
71 2014 114 2078 sed
127 2019 310 2086 simulacre
325 2020 433 2084 solere
446 2021 481 2083 in
495 2021 620 2084 somnis
635 2020 750 2085 fellere
765 2032 921 2098 mentem,

32 2151 34 2220 ξ
72 2151 186 2198 cemere
201 2158 282 2200 oum
296 2135 468 2224 uideamur
484 2156 556 2198 eum
572 2156 670 2219 quem
685 2136 755 2199 vite
768 2136 915 2221 reliquit,

32 2255 34 2334 ζ
73 2248 145 2326 quod
158 2273 264 2336 super
282 2258 351 2324 est,
362 2250 531 2341 nunchuc
546 2250 685 2314 rationis
700 2249 820 2314 detulit
833 2252 935 2320 ordo.

44 2369 54 2408 ‘³
73 2363 179 2428 etmihi
194 2366 335 2431 mortali
350 2364 533 2428 consistere
548 2385 691 2451 corpore
706 2364 865 2430 mundum

73 2477 272 2566 uanvomque
288 2479 385 2543 simul
399 2479 485 2544 ratio
500 2477 679 2543 reddunda
693 2479 738 2543 sit
752 2500 840 2556 esse3

72 2591 220 2674 equibus
234 2595 295 2660 ille
308 2592 417 2659 modis
432 2615 633 2680 congressus
647 2596 796 2660 materiai

73 2699 200 2773 dederit
213 2718 359 2784 terrem,
371 2709 514 2784 caelum,
526 2730 631 2785 mare,
643 2709 771 2787 sidere,
782 2713 902 2787 solem,

73 2812 208 2908 lunaique
223 2825 362 2910 globum
372 2849 380 2900 ;
391 2834 460 2888 tum
476 2843 562 2908 quse
577 2824 695 2888 tellure
709 2827 893 2890 animantes

43 2935 51 2974 ὓ
75 2935 244 3016 extiterint,
258 2948 294 3004 et
309 2961 395 3025 quse
409 2937 500 3002 nullo
515 2939 581 3001 sint
596 2947 747 3025 tempore
761 2947 877 3016 nutem

74 3063 164 3126 quoue
177 3056 285 3121 modo
300 3074 406 3141 genus
419 3053 599 3116 humanum
612 3052 762 3115 variante
777 3052 921 3136 loquella

72 3170 203 3250 coeperit
215 3171 307 3236 inter
322 3191 358 3234 se
371 3167 463 3233 vesci
477 3187 538 3253 per
550 3165 685 3228 nomina
699 3185 823 3240 rerum3

74 3283 98 3337 et
110 3283 223 3364 quibus
238 3286 295 3350 ille
310 3283 417 3348 modis
433 3281 544 3346 divom
559 3287 667 3344 metus
681 3279 856 3343 insinuarit

73 3401 209 3475 pectore,
220 3408 389 3465 terrerum
403 3397 460 3483 qui
474 3397 508 3460 in
523 3395 596 3460 orbi
610 3403 729 3461 saneta
741 3402 855 3458 tuetur

42 3501 57 3547 ²³
74 3497 135 3570 fana
148 3510 241 3579 lacus
258 3514 353 3577 lucos
367 3532 444 3576 ares
459 3511 700 3596 simulacraque
714 3508 840 3574 divom.

74 3632 230 3694 praeterea
245 3627 326 3691 solis
342 3646 458 3690 cursus
472 3619 637 3710 lunaeque
651 3631 780 3689 meatus

75 3737 233 3816 expediam
249 3762 316 3826 qun
330 3741 364 3804 vi
377 3739 491 3804 flectet
502 3747 626 3802 natura
639 3741 844 3824 gubernans;

74 3861 105 3905 ΗΘ
116 3848 198 3920 sorte
212 3858 299 3920 haec
312 3855 400 3919 inter
414 3853 541 3916 eaelum
556 3861 745 3937 terramque
759 3873 892 3916 reamur

74 3952 159 4030 libere
173 3979 296 4058 sponte
311 3991 372 4033 sue
386 3987 503 4033 cursus
517 3965 661 4030 lustrare
676 3967 846 4050 perennis,

76 4079 221 4167 morigere
235 4083 279 4149 ad
293 4083 408 4170 fruges
423 4079 595 4167 eugendus
611 4087 713 4165 atque
727 4081 916 4155 animantis,

76 4203 144 4258 neve
158 4200 269 4287 eliqua
283 4197 395 4262 divom
409 4196 500 4262 volvi
514 4195 644 4260 ratione
659 4201 826 4279 putemus.

81 4369 156 4387 ..Ἣ-

190 4387 261 4394 -..--

80 4435 104 4480 ⁷³³
120 4453 132 4486 t
146 4441 156 4508 ii
175 4451 203 4498 61
224 4445 356 4500 incolume
373 4445 383 4514 Η
402 4451 433 4496 67
452 4444 601 4498 materiem.
620 4441 680 4511 1170
699 4442 739 4493 siu
758 4440 768 4507 ΙΙ
787 4447 816 4492 71
837 4439 953 4511 loquele.
