2990 5202
647 487 695 557 lll
1154 485 1221 556 175

110 663 355 732 correctionem
382 662 529 738 reiecit,
560 683 661 748 quem
685 661 852 748 Forbiger
878 681 921 726 ne
950 662 1223 728 commemoravit

110 760 263 847 quidem.

194 858 390 939 etuQuse
405 879 534 922 erran
545 879 678 936 55555
689 879 833 924 erran.
846 855 1043 937 Quadratus
1055 858 1223 938 Qroereius

110 965 285 1024 corrector
300 965 335 1022 et
349 955 426 1020 Itali
441 953 600 1035 Quane.

194 1056 264 1122 578.
291 1077 464 1120 euersae
492 1061 755 1122 5555555555.
784 1054 967 1120 Correetor
994 1053 1132 1142 oblongi
1152 1078 1223 1120 rn-

111 1176 262 1220 55555.

195 1251 265 1318 580.
287 1273 420 1328 neuun
435 1273 538 1316 5555
551 1273 679 1316 renue
698 1273 830 1316 55555
845 1299 852 1315 .
868 1248 1051 1316 Corrector
1065 1250 1224 1336 quadrati

111 1357 147 1416 et
159 1349 237 1416 Iteli
251 1371 434 1425 uncum
443 1349 587 1438 perferre
600 1351 734 1414 555555.

195 1447 267 1514 582.
282 1471 379 1525 omn
392 1469 443 1512 es
457 1469 544 1512 ruo.
558 1445 725 1534 Italique
739 1448 882 1512 eximo.

195 1547 266 1612 583.
281 1567 453 1610 5555555
468 1566 598 1609 aurun
612 1545 817 1609 rrus.lteli
831 1545 953 1608 animae
966 1565 1049 1608 v1s.

196 1645 266 1710 585.
292 1665 389 1722 cura
410 1664 517 1722 uera
538 1663 641 1708 noco
663 1664 766 1707 5555
786 1641 1073 1708 unanimem
1094 1663 1224 1708 ronse

111 1765 281 1808 5555555
302 1763 545 1818 mutuaeque
567 1763 643 1806 555
664 1762 792 1806 nurus
806 1789 814 1805 .
830 1738 1027 1820 Quadratus
1041 1742 1224 1828 95555515,

111 1841 203 1908 idem
217 1843 427 1908 Taadama
438 1847 473 1905 et
483 1841 661 1927 animeque.
675 1838 895 1904 Eiobstedius
910 1845 946 1902 et
958 1837 1140 1926 Forbiger,
1151 1839 1225 1925 qui·

112 1941 178 2006 bus
191 1938 378 2004 miserrime
389 1959 544 2024 quaeque
554 1937 706 2022 placent,
710 1937 805 2024 sorae
813 1945 942 2000 moueat
952 1938 1132 2024 aetimaeqee
1139 1987 1148 2019 ,
1159 1939 1225 2004 sci·

112 2038 193 2103 licet
212 2037 272 2102 uni
292 2037 429 2121 corpori
449 2034 572 2100 multus
594 2035 722 2100 enimes
743 2034 951 2110 tribuentes,
967 2033 1061 2120 quod
1075 2036 1237 2122 exagitet
1262 2029 1266 2036 ’

113 2144 285 2221 temquem
307 2132 584 2200 absurdissimum
604 2137 708 2217 poete
728 2151 830 2197 versu
851 2131 935 2196 666.
955 2133 1122 2198 1115551155
1133 2134 1227 2221 soree

113 2235 236 2300 555555
249 2243 434 2318 marramque
449 2256 465 2312 ‚z
481 2231 516 2294 in
537 2251 605 2315 quo
627 2251 736 2316 oeque
757 2229 907 2295 absurde
920 2235 1001 2294 sunt
1014 2229 1227 2296 Fundamenta

103 2333 201 2420 soror
229 2333 294 2394 loeo
321 2339 404 2393 awta
433 2335 468 2392 et
496 2326 615 2393 eedem
635 2327 842 2414 fundamenta
857 2350 918 2413 per
945 2339 1031 2392 arae
1049 2331 1226 2395 55555555.

112 2426 346 2494 Wakefieldus
361 2447 431 2490 non
443 2426 559 2513 inepte
564 2425 661 2513 serae
674 2427 779 2490 555555
794 2436 953 2492 eaaaaau
959 2449 1022 2512 per
1035 2437 1120 2492 ortu
1135 2475 1142 2491 .
1164 2427 1227 2492 sed

113 2526 226 2602 mele,
246 2525 340 2610 quod
362 2531 396 2590 et
415 2523 538 2590 fortius
561 2531 615 2589 555
635 2531 670 2590 55
687 2524 849 2590 librorum
864 2523 1055 2608 scripturae
1068 2527 1226 2612 propius,

106 2627 202 2714 sorae
221 2645 414 2688 munnere
436 2623 541 2688 55555
558 2643 780 2708 perrumpet·
793 2633 878 2688 55155
892 2622 1014 2709 Perque
1026 2623 1149 2688 ciorum
1162 2648 1226 2690 one·

113 2723 327 2813 5555555555
342 2743 469 2807 corpore
483 2723 537 2807 pei
549 2731 635 2799 aaa,
645 2721 946 2808 Atquesornmiao„

89 2817 92 2822 ’
199 2821 269 2885 593.
286 2819 549 2886 5555555155
570 2841 705 2884 aurun
725 2841 774 2882 55
796 2839 903 2884 5555
926 2840 1115 2884 5555555
1131 2843 1227 2888 555·

115 2939 218 2985 5555
240 2939 372 2984 cume
394 2917 654 2991 55555555,Ε5
677 2937 800 2993 onesi
820 2937 1003 2981 55555555
1020 2938 1227 2984 teneurs-
1277 2955 1285 2966 ·

116 3039 220 3084 5555
243 3038 435 3104 rencone
457 3013 904 3088 555555,Μ55555555
926 3035 1135 3078 55555555
1158 3039 1228 3080 on·

86 3187 89 3192 ,
114 3137 219 3180 5555
235 3109 907 3179 ο55555555555.15155555555555
923 3109 1138 3175 scribendum
1154 3134 1229 3178 5555

114 3219 292 3282 corrector
307 3209 465 3297 quadrati
478 3215 514 3273 55
522 3207 601 3272 Itali
611 3206 787 3272 viderunt:
799 3214 914 3272 cetere
923 3227 1022 3272 nemo
1037 3209 1229 3294 expedivit,

114 3331 194 3379 cum
207 3317 321 3374 temen
337 3315 371 3374 ct
385 3307 544 3373 vitiorum
558 3305 659 3372 sedes
673 3312 809 3391 peteret
821 3325 886 3370 neo
899 3305 1069 3370 sententio
1083 3307 1230 3384 obscure

115 3416 209 3476 esset
229 3457 236 3472 .
258 3407 373 3472 hiatus
389 3408 514 3491 optime
529 3407 578 3470 sic
593 3405 823 3492 supplebimus
843 3453 852 3481 ‚
873 3405 992 3470 videtur
1005 3403 1058 3472 Ire
1072 3409 1178 3472 auimo
1191 3431 1230 3474 ac

114 3519 174 3574 toto
193 3506 275 3572 solea
295 3506 333 3570 de
354 3525 650 3590 corporaretur,
671 3509 706 3568 et
721 3503 891 3591 Molliaque
912 3506 1059 3589 55555955
1073 3527 1229 3570 555555

116 3605 227 3670 eodm
241 3604 345 3668 onmia
357 3602 512 3666 membra.
527 3601 679 3667 nondum
692 3603 740 3666 ire
752 3601 890 3666 videtur
903 3602 1033 3678 enimn,
1049 3603 1142 3688 quod
1157 3611 1230 3670 erat

116 3723 219 3768 versu
238 3700 319 3776 526,
335 3698 398 3764 sed
417 3701 464 3764 ire
484 3701 583 3779 celle,
602 3708 642 3764 ut
660 3700 695 3764 in
709 3699 908 3776 55518155
927 3723 1018 3764 55555
1032 3712 1065 3766 et
1078 3703 1230 3788 quaedma

115 3801 276 3866 55555555
289 3799 364 3864 velle
378 3809 546 3885 reamque.
562 3801 710 3885 emaayui
724 3806 838 3863 eutem
858 3810 965 3862 trunco
978 3806 1017 3862 ut
1031 3798 1133 3884 paulo
1147 3809 1229 3885 post

117 3897 181 3962 654
202 3897 245 3962 Et
265 3907 358 3984 capet
377 3897 527 3960 55555555
548 3897 649 3962 calido
668 3898 840 3982 5555555555
860 3908 967 3960 tierneo
990 3943 997 3959 .
1021 3903 1057 3960 55
1076 3896 1230 3986 plerique

118 4017 234 4061 omnee
248 3995 429 4060 Marullum
443 3994 552 4060 secuti
567 4002 647 4059 sunt
660 3995 697 4058 in
710 4015 812 4058 versu
831 3993 934 4058 tertio
956 3993 1158 4062 scribentem
1178 4023 1230 4064 ea-

116 4096 229 4179 555955
242 4095 353 4158 cadere
366 4094 470 4158 555555
483 4115 611 4178 corpore
624 4092 780 4156 membra:
794 4091 857 4156 sed
869 4090 925 4157 ille
938 4091 1082 4176 primum
1096 4094 1230 4162 deleve·

115 4199 174 4258 555
193 4235 202 4266 ,
224 4191 407 4256 Lambinus
421 4191 558 4276 tertium
574 4189 718 4284 exclusit
732 4188 816 4252 etin
830 4189 939 4274 primo
953 4191 1091 4279 scripsit
1103 4197 1182 4260 colai
1194 4197 1232 4260 de

27 4351 34 4370 ,
118 4311 246 4376 corpore
258 4289 394 4354 membro
412 4335 421 4364 ,
445 4288 539 4375 quod
553 4295 729 4354 corrector
743 4286 900 4373 quadrati
915 4293 1108 4375 praeierat.
1133 4293 1231 4358 Creo·

117 4387 236 4461 obius,
259 4394 296 4450 ut
309 4385 406 4462 15515,
426 4387 512 4452 15555
525 4408 668 4472 prorsus
682 4386 798 4472 inepte
814 4387 1007 4464 coniunxit,
1020 4391 1100 4454 colai
1112 4391 1150 4454 de
1164 4413 1231 4453 eor-

110 4509 192 4572 pore
212 4485 349 4550 5555555
370 4491 406 4550 55
426 4487 535 4552 eadere
556 4488 660 4552 555555
680 4508 806 4570 corpore
826 4487 977 4553 membra.
999 4485 1232 4552 Wakefieldus
