2972 5188
634 487 667 570 v
922 551 930 564 ,
1134 489 1203 557 285

97 689 136 732 ca
150 668 272 732 esteris
287 667 335 730 ita
350 671 388 728 ut
403 663 490 728 ordo
506 672 598 728 reete
613 668 788 731 constaret
809 659 1103 726 accommodasse.
1127 673 1206 728 sunt

96 773 205 829 autem
222 765 306 828 baec
322 762 524 828 emblemata
542 759 703 824 llo-234
719 780 761 822 ex
776 779 816 820 eo
831 778 977 842 genere,
1001 779 1087 844 quae
1102 781 1207 846 supra

96 863 138 926 ad
154 863 274 926 librum
289 885 325 936 11,
337 861 395 924 ltili
414 861 503 924 inter
523 880 599 924 sese
613 857 726 942 aliquo
741 856 984 920 sententiarum
998 857 1133 922 tinoulo
1150 881 1206 922 co-

96 963 234 1026 haerere
251 961 321 1026 dixi
334 985 342 1035 ς
358 960 481 1044 quibus
496 964 633 1043 politam
648 956 713 1020 alia
727 953 845 1019 similia
860 953 987 1018 addere
1001 955 1149 1038 voluisse
1164 979 1207 1020 ex

95 1081 194 1124 versu
209 1060 310 1123 huius
325 1057 401 1122 libri
420 1057 477 1120 155
492 1063 655 1142 apparet,
678 1075 746 1139 quo
761 1051 929 1138 promittit
950 1073 991 1116 ea
1005 1073 1091 1136 quae
1112 1077 1206 1119 num-

96 1179 192 1244 quam
209 1157 399 1244 praestitit.
422 1163 572 1220 ceterum
592 1173 692 1218 versu
711 1150 865 1236 proximo
881 1149 943 1214 236
957 1147 1088 1216 Nonius
1102 1153 1207 1218 utitur

96 1279 125 1340 p.
136 1257 206 1329 234,
215 1256 252 1320 2.

176 1353 248 1417 239.
263 1352 407 1416 Dnssr
423 1371 558 1414 saosnr
574 1371 697 1413 onais
713 1369 843 1412 nunni
859 1366 1026 1410 narona
1041 1365 1207 1410 Purser.

96 1451 293 1529 Quadratus
304 1451 402 1515 Debet
413 1449 511 1512 oannis
524 1448 609 1512 edem
622 1446 729 1510 meridi
736 1493 745 1525 ,
761 1443 823 1508 sed
838 1441 968 1508 lineolis
982 1444 1208 1533 interpositis,
1250 1529 1254 1538 ‚

94 1551 215 1633 quibus
231 1549 390 1614 librarius
404 1566 521 1609 verum
536 1543 779 1608 vocabulorum
795 1541 948 1606 ordinem
962 1541 1208 1607 restituendum

94 1669 166 1712 esse
178 1645 400 1735 significavit,
413 1643 570 1728 idemque
581 1633 732 1706 m0x24'2
741 1640 830 1705 Haec
841 1641 940 1704 edem.
953 1640 1020 1704 hoc
1030 1639 1109 1705 ideo
1121 1639 1209 1716 dixi,

92 1767 133 1809 ne
149 1769 252 1832 quern
264 1745 447 1810 Lambinus
463 1749 498 1806 et
512 1741 768 1824 Havereampus
782 1740 816 1803 in
833 1759 981 1802 errorem
995 1737 1207 1805 inducerent.

95 1845 154 1908 scd
170 1847 280 1909 eadere
291 1845 449 1908 conruere
460 1861 591 1905 omnem
602 1838 717 1904 mundi
728 1846 882 1902 naturam
894 1837 942 1901 rei
953 1857 1022 1900 nou
1033 1841 1208 1904 convenit:

94 1963 170 2006 nam
186 1941 283 2028 quod
296 1939 413 2006 mundi
428 1947 544 2024 partes
559 1938 694 2001 nativae
710 1944 744 1999 et
765 1933 926 2000 mortales
948 1943 1046 2011 sunt,
1067 1957 1136 2001 non
1157 1963 1208 2002 ea·

96 2041 162 2103 den
173 2089 182 2120 ,
203 2041 273 2104 hoc
295 2047 347 2104 est
369 2046 429 2102 aut
449 2061 513 2100 uno
535 2044 594 2100 aut
615 2036 720 2100 eodem
740 2036 810 2110 uia,
831 2034 962 2098 consistit
974 2034 1080 2098 totius
1095 2037 1209 2100 mundi

96 2147 235 2213 natura,
247 2137 310 2201 sed
320 2143 505 2221 propterea
518 2135 593 2219 ipsa
604 2133 756 2197 mortalis
771 2147 806 2196 et
820 2133 935 2196 nativa
950 2152 1024 2223 esse
1040 2132 1210 2218 censenda

96 2244 167 2300 est.
189 2244 283 2300 recte
299 2233 453 2298 Gifanius
468 2233 565 2298 Debet
579 2254 712 2295 ronan
727 2233 844 2295 nativo
860 2252 900 2294 ac
917 2231 1050 2294 mortali
1065 2252 1210 2316 corpore

96 2334 285 2396 consistere
299 2333 425 2417 puori.
449 2329 546 2394 addit
561 2327 714 2393 Gifanius
727 2323 790 2391 ‘ita
804 2339 937 2392 veteres
960 2329 1099 2394 nostri':
1120 2329 1209 2394 idem

95 2430 282 2494 Lambinus
301 2430 335 2492 in
349 2429 444 2494 libris
459 2427 706 2493 Parisiensibus
727 2425 869 2510 reperiri
891 2424 992 2500 dicit,
1014 2425 1081 2490 hoc
1103 2437 1155 2491 est
1175 2428 1209 2492 in

97 2527 247 2593 editione
262 2527 434 2606 Ascensii,
451 2547 469 2592 e
485 2547 552 2612 qua
566 2524 749 2611 Forbiger,
766 2525 823 2609 qui
838 2545 878 2588 ea
891 2545 974 2588 usus
989 2531 1060 2600 est,
1074 2545 1142 2588 non
1158 2547 1210 2590 re·

96 2627 221 2711 gessit,
237 2649 311 2690 eum
327 2635 440 2690 tamen
453 2625 500 2689 ibi
514 2624 615 2709 plane
628 2623 678 2687 ita
692 2623 857 2708 scriptum
871 2622 931 2686 sit.

180 2724 250 2787 241.
274 2723 467 2788 Conrons
489 2741 676 2784 uarrvom
697 2740 959 2784 uonnncraus
981 2741 1073 2784 ssss
1096 2743 1210 2786 siou-

98 2843 183 2886 ars.
215 2821 411 2902 Quadratus
440 2827 475 2883 et
497 2841 518 2882 a
540 2827 735 2882 correctore
757 2817 924 2902 oblongus
951 2820 1109 2882 nolimus.
1139 2829 1211 2884 tum
1299 2839 1312 2864 ·

98 2919 286 3003 quadratus
300 2920 457 2984 motolibus
471 2917 683 3002 essesuqurra.
699 2915 778 2978 olim
792 2915 946 2998 impressi
959 2917 1060 2979 nativo
1073 2919 1210 2982 mortali-

97 3017 152 3079 lms
160 3065 169 3095 ,
180 3017 344 3080 Marullus
359 3017 460 3078 nativo
475 3013 710 3087 immortalibus,
721 3011 953 3074 Wakefieldus
968 3016 1070 3076 nativo
1083 3015 1116 3076 in
1130 3037 1211 3078 mor·-

98 3114 227 3175 tolibar:
240 3134 326 3175 unus
338 3110 528 3196 Naugerius
540 3117 632 3172 recte
647 3109 747 3170 nativo
761 3129 809 3171 so
824 3109 1016 3171 mortalibus.
1029 3109 1212 3176 Lambinus

99 3221 145 3282 et,
169 3209 320 3292 quamvis
340 3206 441 3292 paulo
463 3211 541 3268 ante
566 3211 656 3268 esset
677 3205 779 3267 audeo
801 3227 839 3268 ac
857 3205 1002 3269 mortali:
1023 3212 1059 3268 et
1072 3227 1096 3268 u
1111 3209 1155 3271 ab
1169 3229 1212 3271 no

99 3306 269 3370 minimum
284 3305 406 3370 distat.

185 3403 255 3470 245.
271 3425 393 3468 canni
416 3423 578 3480 ouoous
601 3399 905 3466 rusu.Bentleius
921 3423 1038 3466 rrsu.
1056 3401 1213 3468 Eiohsta·

101 3501 177 3568 dius
193 3512 227 3568 et
241 3502 404 3588 Forbiger
419 3503 519 3576 idem,
535 3499 628 3586 quod
643 3499 829 3566 absurdum
845 3509 916 3575 est,
931 3502 1171 3566 restituerunt.

184 3601 458 3666 247.Iunun1rs
481 3619 548 3662 nis
571 3621 695 3662 assus
718 3621 765 3662 nn
782 3621 1214 3665 conarrurssnnsanrs

103 3697 135 3763 M
146 3723 166 3763 a
188 3723 298 3764 nrm.
313 3699 366 3762 Ita
380 3698 480 3783 plane
496 3695 701 3782 quadratus,
718 3697 866 3762 Memilti:
880 3695 1045 3786 oblongus
1061 3707 1096 3763 et
1106 3697 1214 3764 Vero-

101 3800 214 3864 nensis
230 3797 332 3862 editio
350 3797 498 3870 Memini,
521 3795 705 3860 Brixiensis
728 3818 802 3862 cum
817 3793 911 3860 Italis
925 3795 1071 3860 Marullo
1092 3798 1214 3860 ceteris
1295 3821 1301 3831 ·

103 3893 247 3962 Memmi.
262 3897 299 3962 id
311 3895 405 3982 quod
418 3895 516 3958 unice
527 3915 644 3958 verum
660 3902 712 3958 est
724 3916 767 3958 ex
778 3893 947 3979 quadrato
958 3891 1215 3979 Havercampus

102 4013 168 4058 non
184 3994 334 4059 rettulit:
349 3993 534 4058 Lambinus
549 3993 578 4058 si
593 4013 613 4058 a
628 3991 790 4057 Turnebo
806 4013 848 4056 ex
864 3991 984 4055 eodem
999 3991 1118 4056 codice
1134 3993 1214 4057 alla·

103 4097 170 4156 tum
186 4093 348 4168 vidisset,
370 4113 439 4156 non
455 4099 656 4176 temptasset
671 4115 708 4154 ne
721 4115 770 4154 me
784 4077 951 4176 amparate
965 4091 1084 4154 recres.
1102 4091 1214 4156 Varro

104 4187 145 4252 de
159 4192 274 4278 lingua
288 4191 409 4255 Latina
423 4190 510 4255 libro
525 4211 574 4252 vn
589 4210 622 4273 p.
632 4189 691 4252 371
709 4189 844 4274 clepere,
867 4189 901 4250 id
920 4199 963 4251 eat
980 4189 1154 4274 seruabere.
1175 4187 1214 4250 il-

104 4283 261 4354 lustravit
280 4288 371 4353 hune
392 4289 488 4352 verbi
509 4309 606 4352 usum
623 4285 815 4351 Gronovius
830 4287 865 4350 in
880 4287 1154 4351 observationum
1170 4308 1215 4358 rv,

108 4383 144 4448 19
159 4388 262 4473 p.300
277 4387 357 4452 301.
380 4385 531 4451 similiter
546 4398 658 4450 autem
674 4385 815 4470 sceptici
831 4384 1033 4469 crsapnlzers
1049 4384 1087 4448 τὸ
1104 4383 1215 4453 zarei-

106 4502 206 4548 uenon
222 4483 340 4550 dieunt
355 4483 428 4556 roic
444 4484 567 4556 ἑαγτοῖε
584 4483 644 4547 rim
662 4484 755 4567 splene
773 4481 1017 4566 intrpinonrac.
