2990 5182
290 509 360 574 354
819 503 867 568 Vl

290 681 429 745 lenienda
445 677 543 742 Nobis
557 687 599 740 est
612 661 711 750 ralia,
733 683 811 750 eut,
835 674 929 760 quod
944 674 997 738 bic
1014 675 1143 760 aptius,
1159 675 1325 737 carmide:
1346 697 1407 760 po·

292 780 371 843 terit
388 785 496 840 temen
509 775 575 838 boo
587 775 686 838 etiem
697 776 834 848 abesse,
850 775 878 838 si
894 795 934 836 ee
948 793 1037 858 quae
1051 772 1246 836 necessarie
1259 781 1344 835 sunt
1357 782 1408 836 to-

291 888 361 942 tum
384 893 518 938 versum
540 872 773 956 expleverint.
797 891 959 955 quaenam
983 876 1062 934 sunt
1083 877 1196 933 eutem
1218 868 1278 932 ills
1291 891 1408 934 neees-

293 975 381 1038 sarie
391 972 406 1034 i
418 971 602 1034 Brixiensis
615 969 719 1032 editio
731 971 810 1032 ratio
822 969 914 1032 caelis
924 968 1014 1050 (caeli
1023 957 1203 1050 Aventius)
1217 969 1407 1053 speciesque.

293 1072 429 1157 quidem
445 1067 581 1132 codices
596 1066 646 1130 Pii
659 1069 739 1130 ratio
754 1067 831 1129 caeli
843 1087 1065 1151 stipemque,
1087 1064 1276 1128 Lambinus
1291 1075 1407 1128 sueto

292 1171 385 1234 ribus
401 1165 495 1230 libris
510 1185 610 1227 menn
625 1163 760 1249 seriptis
783 1162 932 1244 (seilicet
944 1163 993 1226 ite
1006 1163 1175 1227 Antonius
1189 1161 1409 1228 Florentinus

294 1276 327 1331 et
341 1264 522 1344 Marullus)
541 1283 686 1346 serenam
700 1261 855 1346 coelique,
878 1279 966 1322 unus
977 1257 1181 1323 Wakefieldi·
1195 1260 1278 1322 caeli
1293 1271 1406 1322 terrae·

292 1389 364 1452 que.
381 1372 416 1426 et
426 1360 483 1424 ille
494 1359 605 1422 omnis
617 1357 849 1441 imperitorum
860 1363 1049 1420 commenta
1059 1365 1139 1420 sunt
1150 1356 1194 1419 eb
1207 1365 1406 1442 argumento

292 1463 368 1528 libri
384 1459 472 1524 sexti
487 1455 660 1548 eliene3in
677 1475 717 1516 eo
732 1459 834 1538 poete
851 1453 914 1518 sibi
929 1461 963 1516 et
977 1463 1160 1537 tempestates
1172 1453 1349 1517 canendas
1361 1453 1406 1516 di-

293 1563 357 1634 cit,
379 1557 415 1622 id
431 1563 483 1620 est
498 1554 630 1626 nubila,
653 1558 688 1617 et
693 1553 832 1639 sedenim
847 1554 935 1616 clera
949 1552 1016 1634 (sic
1031 1551 1117 1616 enim
1132 1558 1228 1615 reete
1240 1553 1407 1614 Antonius

294 1668 328 1722 et
348 1654 540 1740 impressi),
562 1651 665 1736 idque
686 1649 768 1713 feeit
788 1649 867 1714 inde
889 1671 909 1713 e
932 1669 1032 1712 versu
1050 1649 1113 1712 219
1134 1670 1245 1733 usque
1270 1649 1315 1712 ad
1333 1650 1407 1712 let.

294 1763 373 1818 ente
384 1753 469 1816 bseo
481 1770 613 1814 eversu
624 1748 665 1812 96
677 1767 783 1831 usque
794 1745 840 1809 ed
853 1747 912 1810 159
923 1745 966 1810 de
982 1746 1163 1811 tonitribus
1178 1746 1271 1832 egit,
1287 1745 1406 1811 deinde

294 1844 886 1937 usqueed218defulguretionibus:
897 1833 1096 1928 heeoigitur
1108 1842 1164 1906 illo
1176 1843 1298 1908 mutilo
1310 1864 1406 1907 versu

295 1947 459 2014 contineri
481 1951 608 2008 eertum
632 1951 703 2016 est,
725 1963 836 2026 neque
856 1942 892 2006 in
913 1951 981 2004 tem
997 1949 1139 2026 anguste
1154 1941 1322 2005 concluse
1337 1963 1408 2006 seo·

296 2047 400 2113 tentia
412 2042 579 2108 deverbis
591 2039 739 2104 dubitari
749 2049 878 2123 potest,
891 2039 1089 2124 praesertim
1100 2059 1174 2101 oum
1184 2038 1410 2104 illudtenemle
1487 2091 1488 2104 .

261 2141 269 2154 ”
293 2147 381 2210 viam
397 2137 598 2207 emendandi
615 2137 843 2200 demonstret.
866 2155 948 2221 ergo
963 2142 1067 2220 poeta
1081 2137 1218 2221 scripsit
1238 2159 1312 2200 ese
1331 2141 1408 2202 ratio

295 2261 506 2307 roeonnnr
521 2233 670 2312 vrsou‘n
685 2234 1408 2320 rosenensemempestaoseerunnrse

295 2343 380 2404 claro
396 2337 549 2401 canenda.

378 2431 628 2510 85-89.Qu1n
652 2451 1187 2495 reornnr—-uommus
1210 2453 1259 2495 ur
1282 2453 1406 2495 nxrc-

295 2559 314 2598 e
324 2555 415 2598 nere
438 2553 498 2593 sn.
510 2528 605 2591 Haeo
620 2527 731 2592 omnis
740 2525 968 2612 pulcherrime,
982 2535 1062 2592 sunt
1076 2537 1110 2592 et
1123 2528 1202 2592 huie
1217 2527 1296 2593 looo
1307 2529 1406 2594 valde

295 2625 567 2694 accommodate.
590 2625 652 2688 sed
672 2625 694 2688 ii
710 2624 778 2688 duo
794 2645 913 2688 versus
929 2625 986 2710 qui
1001 2647 1041 2690 ee
1055 2626 1229 2710 excipiunt
1243 2628 1409 2691 orationis

295 2727 447 2793 ordinem
468 2722 693 2806 perturbent.
723 2722 828 2784 nihilo
850 2724 958 2788 minus
978 2723 1081 2788 iidem
1101 2745 1243 2798 versus,
1270 2726 1408 2805 Quom

296 2847 421 2912 opmein
436 2843 562 2898 causat,
586 2819 698 2904 stipsi
712 2840 854 2904 prorsus
870 2822 915 2886 ed
930 2843 999 2886 rem
1013 2821 1162 2896 faciunt,
1181 2823 1209 2887 si
1223 2820 1282 2886 ille
1293 2825 1408 2908 priore

296 2926 473 2988 abessent.
497 2939 539 2982 ex
561 2939 627 3003 quo
645 2925 789 3002 apparet
804 2918 1022 3006 Foebigerum
1038 2941 1156 3006 perum
1171 2929 1269 2985 recto
1283 2921 1408 2985 iudicio

279 3021 406 3117 ,omnia
417 3018 545 3104 pariter
557 3015 738 3092 delevisse,
754 3019 818 3083 nisi
831 3019 922 3104 quod
935 3020 1021 3086 dnos
1033 3021 1158 3105 primos
1170 3039 1307 3094 versus,
1326 3021 1410 3100 Quid

287 3125 432 3210 saciavit,
448 3121 499 3184 Ne
513 3118 660 3202 trepides,
675 3119 732 3203 qui
749 3118 812 3182 soli
827 3140 888 3204 per
903 3139 940 3184 se
955 3119 1080 3184 nullum
1095 3120 1245 3204 leporem
1260 3118 1407 3186 hebent.

295 3219 451 3286 retinuit.
463 3215 546 3301 quid
556 3215 643 3279 enim
654 3215 777 3280 elarius
790 3238 864 3281 esse
875 3225 991 3302 potest
1002 3237 1102 3303 quem
1111 3215 1320 3289 Lucretium,
1333 3237 1407 3280 eum

296 3319 405 3404 primo
420 3317 548 3398 impetu
561 3312 625 3377 hos
640 3315 789 3400 quinque
804 3335 923 3378 versus
938 3316 1148 3400 scripsisset,
1170 3321 1294 3398 postes
1309 3335 1406 3400 quem

297 3437 355 3478 eoe
377 3431 484 3496 prope
504 3429 621 3475 omnes
640 3413 766 3474 maiore
786 3412 885 3476 etiem
908 3434 981 3476 oum
1001 3413 1035 3476 vi
1056 3423 1091 3477 et
1113 3411 1234 3476 effeotu
1249 3411 1315 3476 alio
1332 3413 1406 3476 loeo

296 3513 377 3596 poni
393 3529 494 3592 posse
507 3509 631 3574 viderit
645 3510 733 3574 infre
747 3520 826 3595 post
840 3533 976 3576 versum
990 3511 1070 3584 382,
1085 3511 1141 3575 hie
1156 3512 1203 3575 eis
1219 3511 1309 3574 duos
1323 3512 1408 3575 alios

297 3609 423 3694 pariter
438 3613 538 3688 aptos
553 3608 766 3672 substituisse
782 3630 825 3673 ex
838 3610 925 3674 libro
941 3632 962 3684 1,
975 3609 1032 3674 153
1048 3609 1237 3694 repetitos?

380 3707 429 3770 86.
452 3701 509 3765 Nu
540 3725 763 3770 rnnrrnns.
787 3708 969 3774 Correotor
991 3705 1148 3792 quadrati
1171 3717 1206 3771 et
1228 3709 1335 3772 oeteri
1359 3709 1408 3773 Ne

297 3821 514 3872 rnrr1nss.

378 3903 429 3967 87.
451 3919 612 3964 serven
622 3921 738 3964 unnr.
754 3903 811 3967 Sio
827 3904 1010 3990 oblongus:
1026 3903 1213 3989 quadratus
1223 3929 1407 3990 peremere.

297 4011 388 4068 reete
409 4003 445 4064 in
465 4008 611 4081 utroque
633 3997 795 4083 scriptum
816 4023 917 4068 versu
938 4003 1000 4068 383
1016 4050 1024 4067 .
1039 4001 1271 4066 Wakefieldus
1294 4013 1406 4067 tamen

296 4099 424 4164 mavult
432 4096 623 4182 prooemii:
638 4115 701 4178 pro
717 4097 823 4161 altero
839 4100 947 4166 dicem
963 4101 1009 4166 ed
1022 4121 1154 4166 versum
1171 4101 1251 4164 324.

380 4196 429 4259 91.
452 4215 545 4256 rien
567 4214 731 4258 nivino.
755 4195 937 4262 Correotor
952 4199 1088 4285 oblongi
1104 4219 1213 4262 nient
1227 4247 1234 4260 .
1250 4197 1301 4262 sio
1316 4209 1405 4261 uter·

297 4318 363 4384 que
378 4315 478 4358 versu
493 4291 549 4354 57.

379 4392 427 4458 92.
449 4389 507 4454 To
531 4409 620 4450 irrui
645 4411 824 4457 serenus
848 4417 1123 4460 rnnsonruirn
1147 4417 1192 4458 nc
1217 4417 1404 4458 cennius

296 4515 442 4558 cernis
459 4491 663 4553 cirenensi
688 4483 864 4555 srnfrren
888 4493 1404 4558 rnnunossrsn.Correotor
