2990 5202
265 495 333 566 182
796 491 845 560 111

343 670 415 736 735.
437 685 536 734 asro
559 687 744 744 quanvis
765 685 920 731 rueras
941 685 1065 729 oriar
1086 685 1274 744 corros,
1297 664 1384 729 Con

267 762 1384 843 susssnrzsrcusrossrnrvrssoaasvrosrus.Recte

271 866 347 929 Caum
360 865 508 930 obeam:
528 883 604 929 cum
618 883 674 928 res
688 863 737 926 ita
751 869 949 947 comparata
963 861 1008 924 sit
1022 869 1062 924 ut
1075 861 1220 926 subeant
1236 881 1385 948 eorpus,

268 970 343 1026 esto
364 963 406 1028 iis
427 983 508 1027 sane
529 961 612 1026 utile
633 961 698 1025 sibi
720 968 791 1024 tum
805 959 919 1024 facere
934 979 1082 1043 corpus.
1102 956 1233 1024 frustra
1247 979 1385 1023 correc-
1486 1040 1487 1057 ἵ

268 1069 324 1124 tor
340 1060 498 1145 quadrati
513 1059 697 1144 adscripsit
709 1059 758 1124 cel
774 1059 836 1123 Cur
856 1059 946 1143 (non
959 1059 1024 1143 Iope
1037 1079 1094 1122 our
1110 1105 1119 1133 ‚
1137 1065 1176 1121 ut
1188 1055 1299 1122 refert
1312 1056 1385 1120 Ha·
1486 1120 1487 1149 p

268 1159 502 1244 vercampus)‚
513 1156 642 1222 frustra
656 1158 781 1220 amicus
793 1155 896 1220 Fabri
910 1155 1042 1240 (secum
1056 1153 1222 1240 Forbiger
1237 1175 1258 1218 a
1268 1153 1384 1220 Fabro
1486 1154 1487 1159 ’

269 1257 547 1321 communicatum
561 1254 698 1336 scribit)
717 1255 808 1335 Quod
819 1255 966 1318 aucam.
984 1252 1047 1317 sed
1061 1259 1156 1318 recte
1168 1251 1339 1317 Marullus
1353 1266 1386 1317 ot

270 1373 348 1429 uun
356 1357 476 1440 possim
483 1403 491 1419 .

350 1452 520 1518 mense
540 1474 673 1518 rausa
693 1473 765 1516 ssr
786 1473 836 1516 ur
857 1473 1010 1528 Qn1ouu
1032 1471 1255 1514 assessoris
1275 1471 1384 1514 rssi·

269 1571 459 1615 suenrus
474 1549 738 1616 Coaroiubus
754 1597 762 1614 .
776 1549 960 1615 Lambinus
974 1561 1008 1616 ut
1021 1571 1094 1613 ran
1101 1548 1269 1634 perfectis,
1289 1549 1385 1634 quod

270 1649 457 1712 sententiae
472 1648 555 1712 satis
569 1647 652 1712 facit
666 1697 673 1712 .
687 1648 777 1712 malo
791 1646 859 1712 boc
873 1695 882 1723 ,
897 1645 991 1732 quod
1006 1647 1163 1711 alitteris
1178 1645 1316 1710 nimium
1330 1667 1385 1710 re·

270 1743 393 1808 cedere
403 1745 532 1821 fateor,
543 1767 644 1831 quam
652 1747 768 1831 inepta
776 1746 913 1810 Marulli
922 1751 957 1810 et
965 1743 1168 1810 Wakefieldi
1176 1755 1384 1820 commenta,

271 1853 315 1906 est
327 1845 416 1928 quassi
429 1867 486 1908 cur
495 1846 656 1932 possetis,
668 1855 711 1909 est
723 1847 778 1932 qui
792 1867 860 1909 cum
868 1846 1029 1932 perfectis.

353 1942 564 2019 monacus
581 1940 1383 2007 consensooosrnornrranrdmmocon·

271 2058 419 2105 sensus
435 2042 699 2127 conopiamccte
711 2040 798 2105 enim
809 2039 992 2106 Creecbius
1005 2039 1384 2126 intorpretatur‘neque

269 2136 319 2200 ita
333 2157 458 2224 corpus
474 2148 509 2204 et
523 2139 632 2203 anima
646 2139 878 2204 consentirent
892 2147 926 2203 et
945 2146 1058 2204 motus
1071 2138 1192 2204 vitales
1211 2139 1278 2203 sibi
1298 2140 1384 2203 invi·

270 2255 343 2298 cem
356 2243 473 2302 mutuo
487 2238 700 2324 impertirent
708 2237 730 2302 .’

353 2335 424 2399 743.
446 2336 837 2401 Ararnrnnsoarua
852 2357 898 2399 ar
912 2355 1113 2399 sparatus
1128 2355 1382 2400 ravoarrcr·

270 2452 341 2496 rar
363 2453 497 2498 sarus
517 2481 524 2498 .
547 2433 587 2496 In
606 2434 755 2519 oblongo
776 2441 870 2498 recte
890 2431 1017 2497 factum
1036 2431 1189 2496 radendo
1205 2435 1380 2519 eipso-iai.

270 2530 500 2613 grammatici,
524 2537 684 2614 quantum
702 2539 870 2614 possunt,
893 2530 1028 2595 dativus
1045 2529 1204 2616 ingerunt
1225 2530 1257 2594 ei
1270 2533 1383 2596 versui

272 2626 329 2710 qui
339 2625 430 2689 hunc
440 2626 631 2710 praecedit,
642 2636 681 2692 ut
692 2636 785 2693 certe
796 2630 904 2693 oratio
916 2629 1028 2714 aliquo
1041 2628 1224 2693 cohaereat
1231 2628 1381 2694 vinculo.

270 2720 416 2786 sednon
432 2730 484 2787 est
497 2723 532 2786 in
547 2745 588 2788 ea
609 2726 777 2788 sententia
790 2725 993 2802 Lucretius,
1015 2733 1054 2789 ut
1074 2726 1273 2792 animalibus
1294 2729 1382 2808 dori,

270 2817 338 2883 hoo
353 2829 406 2885 est
418 2823 618 2898 monstrari,
630 2823 800 2908 opacitas
810 2823 1131 2888 violentiamdolum
1141 2825 1254 2912 fugam
1267 2827 1382 2891 existi·

269 2926 357 2993 met,
373 2919 471 3004 quasi
483 2919 646 2986 imitando
663 2929 698 2986 et
711 2921 936 2987 adsuetudine
950 2943 1062 2988 mores
1075 2931 1256 3006 parentum
1271 2926 1382 3011 expri-

269 3025 385 3081 mant.
404 3018 520 3104 itaquo
534 3019 720 3084 rectissime
735 3013 875 3084 ‘doctus
890 3019 1056 3106 quidam,
1072 3021 1167 3086 ouius
1182 3041 1306 3086 nomen
1322 3043 1382 3086 cur

268 3113 452 3182 Lambinus
466 3117 654 3183 dissimulet
667 3118 781 3182 nescio
790 3163 799 3194 ,
809 3117 901 3182 hunc
911 3138 1047 3182 versum
1058 3118 1202 3183 alienum
1217 3139 1292 3183 esse
1307 3142 1381 3184 sus·

269 3214 402 3298 picotus
425 3225 499 3280 est.
522 3223 665 3302 apparet
686 3217 773 3280 enim
795 3237 871 3280 sum
893 3215 951 3300 qui
972 3214 1057 3281 haec
1079 3217 1215 3302 scripsit
1231 3216 1380 3284 Lucretii

270 3314 471 3376 sententiam
484 3314 645 3378 irridere:
660 3315 753 3379 nullo
767 3314 891 3388 modo,
904 3314 1033 3400 inquit,
1049 3315 1149 3380 animi
1163 3316 1293 3380 semina
1306 3339 1378 3382 eum

270 3427 413 3492 corpore
429 3410 526 3473 simul
541 3419 714 3487 crescunt,
726 3411 789 3476 sed
803 3411 957 3476 leonibus
969 3413 1131 3478 violentia
1145 3420 1180 3478 et
1194 3413 1293 3478 dolus
1307 3417 1380 3480 vul·

269 3504 370 3588 pibus
384 3509 555 3590 apoli-ibus
568 3509 661 3572 datur
679 3557 689 3590 ,
710 3521 739 3574 et
761 3531 937 3580 corvorum
945 3513 1071 3597 pot-im
1081 3535 1182 3598 pavor
1201 3511 1247 3576 ad
1268 3511 1382 3601 fugam

268 3602 374 3666 incita
387 3614 472 3666 arten
484 3603 669 3688 pullorum.

350 3699 421 3763 747.
437 3723 514 3764 oon
529 3725 713 3768 cosroes
728 3727 857 3770 roro.
878 3705 932 3771 Ita
946 3706 1151 3791 quadratus:
1163 3709 1332 3797 oblongus
1346 3719 1382 3776 et

268 3793 376 3863 Italici
391 3821 460 3864 aava
475 3822 601 3889 corpore
615 3823 749 3890 putoque.
761 3815 818 3868 toto
832 3804 979 3889 praetuli
990 3853 998 3881 ,
1010 3807 1091 3891 quia
1099 3828 1170 3870 non
1180 3827 1320 3894 possum
1330 3809 1380 3875 ul·

269 3892 336 3958 lam
350 3906 455 3963 artem
470 3921 655 3987 agnoscere
669 3901 705 3965 in
719 3901 816 3966 simili
831 3901 897 3967 hoo
908 3904 1010 3968 trium
1021 3905 1265 3970 versiculorum
1275 3907 1381 3983 exim,

264 3992 463 4080 inponimus,
477 4000 680 4088 canicieque,
695 4023 822 4086 empore
836 4023 955 4089 quoque
966 4051 973 4065 .
985 4023 1054 4066 non
1067 4009 1184 4088 potest
1195 4011 1309 4070 autem
1320 4005 1380 4071 du-

269 4087 370 4153 bitari
384 4093 466 4176 quin
480 4102 624 4181 utraque
639 4099 809 4183 scriptura
821 4098 926 4165 fuerit
939 4100 976 4166 in
989 4099 1194 4188 archetypo.

350 4187 420 4252 759.
435 4189 623 4269 Demens
638 4216 687 4259 ur
697 4244 704 4259 .
715 4195 816 4260 Hunc
830 4217 966 4261 versum
980 4198 1118 4263 rubrica
1133 4207 1168 4262 et
1181 4199 1306 4265 litteris
1319 4223 1380 4266 un·

174 4279 175 4284 ’
268 4283 409 4351 cialibus
423 4287 586 4374 scriptum
600 4291 705 4357 habet
719 4292 887 4378 oblongus
901 4343 909 4371 ,
925 4294 1113 4380 quadratus
1128 4297 1255 4362 omittit
1268 4300 1380 4386 spatio

267 4403 389 4470 magno
413 4383 531 4450 relicto
553 4387 588 4450 in
610 4410 678 4473 quo
700 4390 892 4456 rubricator
906 4391 973 4456 hoc
989 4394 1086 4479 quasi
1101 4393 1286 4478 capitulum
1300 4395 1380 4461 scri·

267 4481 380 4545 beret.
391 4480 482 4546 idem
491 4483 526 4548 in
538 4481 604 4548 hoc
615 4484 702 4551 libro
714 4485 876 4574 deinceps
887 4491 1024 4575 saepius
1035 4489 1163 4557 factum
1175 4499 1228 4557 est
1236 4541 1245 4570 ,
1254 4493 1381 4559 scilicet
