<?xml version="1.0" encoding="UTF-8"?>
<!DOCTYPE html PUBLIC "-//W3C//DTD XHTML 1.0 Transitional//EN"
    "http://www.w3.org/TR/xhtml1/DTD/xhtml1-transitional.dtd">
<html xmlns="http://www.w3.org/1999/xhtml" xml:lang="en" lang="en">
 <head>
  <title>
</title>
<meta http-equiv="Content-Type" content="text/html;charset=utf-8" />
  <meta name='ocr-system' content='tesseract 3.04.00' />
  <meta name='ocr-capabilities' content='ocr_page ocr_carea ocr_par ocr_line ocrx_word'/>
</head>
<body>
  <div class='ocr_page' id='page_1' title='image "./intlucretiicari00lachgoog_0068.png"; bbox 0 0 2946 5188; ppageno 0'>
   <div class='ocr_carea' id='block_1_1' title="bbox 628 483 658 551">
    <p class='ocr_par' dir='ltr' id='par_1_1' title="bbox 628 483 658 551">
     <span class='ocr_line' id='line_1_1' title="bbox 628 483 658 551; baseline -0.033 0"><span class='ocrx_word' id='word_1_1' title='bbox 628 483 658 551; x_wconf 91' lang='lat' dir='ltr'>II</span> 
     </span>
    </p>
   </div>
   <div class='ocr_carea' id='block_1_2' title="bbox 14 657 1060 4182">
    <p class='ocr_par' dir='ltr' id='par_1_2' title="bbox 26 657 1019 1201">
     <span class='ocr_line' id='line_1_2' title="bbox 26 657 958 723; baseline 0.003 -4"><span class='ocrx_word' id='word_1_2' title='bbox 26 677 66 720; x_wconf 78' lang='lat' dir='ltr'>ooo</span> <span class='ocrx_word' id='word_1_3' title='bbox 86 681 153 722; x_wconf 86' lang='lat' dir='ltr'>cum</span> <span class='ocrx_word' id='word_1_4' title='bbox 168 665 279 721; x_wconf 83' lang='lat' dir='ltr'>tamen</span> <span class='ocrx_word' id='word_1_5' title='bbox 293 659 381 720; x_wconf 86' lang='lat' dir='ltr'>inter</span> <span class='ocrx_word' id='word_1_6' title='bbox 396 678 432 721; x_wconf 87' lang='lat' dir='ltr'>se</span> <span class='ocrx_word' id='word_1_7' title='bbox 447 678 566 721; x_wconf 84' lang='lat' dir='ltr'>versus</span> <span class='ocrx_word' id='word_1_8' title='bbox 581 678 621 720; x_wconf 87' lang='lat' dir='ltr'>ac</span> <span class='ocrx_word' id='word_1_9' title='bbox 636 657 739 720; x_wconf 84' lang='lat' dir='ltr'>verba</span> <span class='ocrx_word' id='word_1_10' title='bbox 752 677 890 722; x_wconf 86' lang='lat' dir='ltr'>neeesse</span> <span class='ocrx_word' id='word_1_11' title='bbox 905 667 958 723; x_wconf 87' lang='lat' dir='ltr'>est</span> 
     </span>
     <span class='ocr_line' id='line_1_3' title="bbox 87 771 869 865; baseline 0 -29"><span class='ocrx_word' id='word_1_12' title='bbox 87 773 261 838; x_wconf 83' lang='lat' dir='ltr'>confiteare</span> <span class='ocrx_word' id='word_1_13' title='bbox 277 771 339 834; x_wconf 84' lang='lat' dir='ltr'>alia</span> <span class='ocrx_word' id='word_1_14' title='bbox 356 793 397 834; x_wconf 84' lang='lat' dir='ltr'>ex</span> <span class='ocrx_word' id='word_1_15' title='bbox 413 772 484 836; x_wconf 85' lang='lat' dir='ltr'>aliis</span> <span class='ocrx_word' id='word_1_16' title='bbox 500 781 656 836; x_wconf 79' lang='lat' dir='ltr'>constare</span> <span class='ocrx_word' id='word_1_17' title='bbox 672 771 841 836; x_wconf 83' lang='lat' dir='ltr'>elementis</span> <span class='ocrx_word' id='word_1_18' title='bbox 851 797 869 865; x_wconf 41' lang='grc' dir='ltr'>ς,</span> 
     </span>
     <span class='ocr_line' id='line_1_4' title="bbox 86 886 931 972; baseline 0.005 -23"><span class='ocrx_word' id='word_1_19' title='bbox 86 910 146 951; x_wconf 93' lang='lat' dir='ltr'>non</span> <span class='ocrx_word' id='word_1_20' title='bbox 162 909 230 972; x_wconf 90' lang='lat' dir='ltr'>quo</span> <span class='ocrx_word' id='word_1_21' title='bbox 245 886 349 950; x_wconf 85' lang='lat' dir='ltr'>multa</span> <span class='ocrx_word' id='word_1_22' title='bbox 363 906 479 970; x_wconf 88' lang='lat' dir='ltr'>parum</span> <span class='ocrx_word' id='word_1_23' title='bbox 495 887 676 951; x_wconf 89' lang='lat' dir='ltr'>eommunis</span> <span class='ocrx_word' id='word_1_24' title='bbox 691 887 803 952; x_wconf 85' lang='lat' dir='ltr'>littera</span> <span class='ocrx_word' id='word_1_25' title='bbox 819 897 931 953; x_wconf 85' lang='lat' dir='ltr'>currat</span> 
     </span>
     <span class='ocr_line' id='line_1_5' title="bbox 86 999 891 1080; baseline 0.002 -16"><span class='ocrx_word' id='word_1_26' title='bbox 86 1013 137 1066; x_wconf 83' lang='lat' dir='ltr'>aut</span> <span class='ocrx_word' id='word_1_27' title='bbox 150 1001 229 1066; x_wconf 91' lang='lat' dir='ltr'>nulli</span> <span class='ocrx_word' id='word_1_28' title='bbox 244 1002 332 1065; x_wconf 89' lang='lat' dir='ltr'>inter</span> <span class='ocrx_word' id='word_1_29' title='bbox 346 1023 383 1066; x_wconf 88' lang='lat' dir='ltr'>se</span> <span class='ocrx_word' id='word_1_30' title='bbox 398 999 465 1064; x_wconf 91' lang='lat' dir='ltr'>duo</span> <span class='ocrx_word' id='word_1_31' title='bbox 481 1001 549 1065; x_wconf 89' lang='lat' dir='ltr'>sint</span> <span class='ocrx_word' id='word_1_32' title='bbox 564 1023 606 1065; x_wconf 85' lang='lat' dir='ltr'>ex</span> <span class='ocrx_word' id='word_1_33' title='bbox 621 1001 774 1065; x_wconf 90' lang='lat' dir='ltr'>omnibus</span> <span class='ocrx_word' id='word_1_34' title='bbox 788 1001 891 1080; x_wconf 89' lang='lat' dir='ltr'>idem,</span> 
     </span>
     <span class='ocr_line' id='line_1_6' title="bbox 87 1115 1019 1201; baseline 0.006 -23"><span class='ocrx_word' id='word_1_35' title='bbox 87 1115 141 1178; x_wconf 88' lang='lat' dir='ltr'>sed</span> <span class='ocrx_word' id='word_1_36' title='bbox 155 1116 234 1201; x_wconf 84' lang='lat' dir='ltr'>quia</span> <span class='ocrx_word' id='word_1_37' title='bbox 247 1137 316 1179; x_wconf 89' lang='lat' dir='ltr'>non</span> <span class='ocrx_word' id='word_1_38' title='bbox 330 1115 431 1200; x_wconf 87' lang='lat' dir='ltr'>volgo</span> <span class='ocrx_word' id='word_1_39' title='bbox 446 1117 541 1200; x_wconf 84' lang='lat' dir='ltr'>paria</span> <span class='ocrx_word' id='word_1_40' title='bbox 556 1118 708 1182; x_wconf 90' lang='lat' dir='ltr'>omnibus</span> <span class='ocrx_word' id='word_1_41' title='bbox 724 1118 834 1182; x_wconf 85' lang='lat' dir='ltr'>omnia</span> <span class='ocrx_word' id='word_1_42' title='bbox 848 1127 1019 1184; x_wconf 83' lang='lat' dir='ltr'>constent.</span> 
     </span>
    </p>

    <p class='ocr_par' dir='ltr' id='par_1_3' title="bbox 31 1231 890 1776">
     <span class='ocr_line' id='line_1_7' title="bbox 31 1231 789 1304; baseline 0.008 -15"><span class='ocrx_word' id='word_1_43' title='bbox 31 1246 68 1289; x_wconf 73' lang='lat' dir='ltr'>eso</span> <span class='ocrx_word' id='word_1_44' title='bbox 86 1231 128 1294; x_wconf 89' lang='lat' dir='ltr'>sic</span> <span class='ocrx_word' id='word_1_45' title='bbox 141 1231 212 1294; x_wconf 81' lang='lat' dir='ltr'>eliis</span> <span class='ocrx_word' id='word_1_46' title='bbox 228 1231 262 1294; x_wconf 90' lang='lat' dir='ltr'>in</span> <span class='ocrx_word' id='word_1_47' title='bbox 277 1231 377 1294; x_wconf 89' lang='lat' dir='ltr'>rebus</span> <span class='ocrx_word' id='word_1_48' title='bbox 391 1231 471 1304; x_wconf 88' lang='lat' dir='ltr'>item</span> <span class='ocrx_word' id='word_1_49' title='bbox 487 1231 671 1295; x_wconf 87' lang='lat' dir='ltr'>communia</span> <span class='ocrx_word' id='word_1_50' title='bbox 685 1231 789 1296; x_wconf 87' lang='lat' dir='ltr'>multa</span> 
     </span>
     <span class='ocr_line' id='line_1_8' title="bbox 86 1345 890 1430; baseline 0.005 -22"><span class='ocrx_word' id='word_1_51' title='bbox 86 1345 253 1408; x_wconf 86' lang='lat' dir='ltr'>multarum</span> <span class='ocrx_word' id='word_1_52' title='bbox 268 1366 377 1409; x_wconf 90' lang='lat' dir='ltr'>rerum</span> <span class='ocrx_word' id='word_1_53' title='bbox 392 1367 467 1408; x_wconf 89' lang='lat' dir='ltr'>eum</span> <span class='ocrx_word' id='word_1_54' title='bbox 482 1345 549 1408; x_wconf 86' lang='lat' dir='ltr'>s&#39;int</span> <span class='ocrx_word' id='word_1_55' title='bbox 563 1345 763 1430; x_wconf 87' lang='lat' dir='ltr'>primordia,</span> <span class='ocrx_word' id='word_1_56' title='bbox 775 1367 890 1412; x_wconf 89' lang='lat' dir='ltr'>verum</span> 
     </span>
     <span class='ocr_line' id='line_1_9' title="bbox 88 1457 845 1526; baseline 0.007 -5"><span class='ocrx_word' id='word_1_57' title='bbox 88 1457 227 1524; x_wconf 86' lang='lat' dir='ltr'>dissimili</span> <span class='ocrx_word' id='word_1_58' title='bbox 243 1469 354 1524; x_wconf 86' lang='lat' dir='ltr'>tamen</span> <span class='ocrx_word' id='word_1_59' title='bbox 367 1461 454 1524; x_wconf 89' lang='lat' dir='ltr'>inter</span> <span class='ocrx_word' id='word_1_60' title='bbox 469 1481 505 1523; x_wconf 92' lang='lat' dir='ltr'>se</span> <span class='ocrx_word' id='word_1_61' title='bbox 521 1460 704 1524; x_wconf 80' lang='lat' dir='ltr'>consistere</span> <span class='ocrx_word' id='word_1_62' title='bbox 720 1483 845 1526; x_wconf 86' lang='lat' dir='ltr'>summa</span> 
     </span>
     <span class='ocr_line' id='line_1_10' title="bbox 87 1575 877 1658; baseline 0.006 -22"><span class='ocrx_word' id='word_1_63' title='bbox 87 1583 239 1658; x_wconf 79' lang='lat' dir='ltr'>possunt3</span> <span class='ocrx_word' id='word_1_64' title='bbox 251 1582 289 1638; x_wconf 90' lang='lat' dir='ltr'>ut</span> <span class='ocrx_word' id='word_1_65' title='bbox 302 1575 420 1638; x_wconf 86' lang='lat' dir='ltr'>merito</span> <span class='ocrx_word' id='word_1_66' title='bbox 436 1595 478 1638; x_wconf 87' lang='lat' dir='ltr'>ex</span> <span class='ocrx_word' id='word_1_67' title='bbox 493 1575 564 1639; x_wconf 88' lang='lat' dir='ltr'>aliis</span> <span class='ocrx_word' id='word_1_68' title='bbox 579 1583 735 1639; x_wconf 80' lang='lat' dir='ltr'><strong>constare</strong></span> <span class='ocrx_word' id='word_1_69' title='bbox 749 1575 877 1641; x_wconf 84' lang='lat' dir='ltr'>feratur</span> 
     </span>
     <span class='ocr_line' id='line_1_11' title="bbox 89 1687 890 1776; baseline 0.007 -25"><span class='ocrx_word' id='word_1_70' title='bbox 89 1687 258 1752; x_wconf 82' lang='lat' dir='ltr'>humanum</span> <span class='ocrx_word' id='word_1_71' title='bbox 272 1709 379 1774; x_wconf 87' lang='lat' dir='ltr'>genus</span> <span class='ocrx_word' id='word_1_72' title='bbox 394 1697 428 1753; x_wconf 89' lang='lat' dir='ltr'>et</span> <span class='ocrx_word' id='word_1_73' title='bbox 441 1688 554 1776; x_wconf 83' lang='lat' dir='ltr'>fruges</span> <span class='ocrx_word' id='word_1_74' title='bbox 569 1690 774 1774; x_wconf 72' lang='lat' dir='ltr'>arbustaque</span> <span class='ocrx_word' id='word_1_75' title='bbox 788 1690 890 1756; x_wconf 82' lang='lat' dir='ltr'>laeta.</span> 
     </span>
    </p>

    <p class='ocr_par' dir='ltr' id='par_1_4' title="bbox 35 1801 1060 2346">
     <span class='ocr_line' id='line_1_12' title="bbox 35 1801 1060 1891; baseline 0.009 -26"><span class='ocrx_word' id='word_1_76' title='bbox 35 1818 70 1860; x_wconf 75' lang='lat' dir='ltr'>nd</span> <span class='ocrx_word' id='word_1_77' title='bbox 123 1801 190 1866; x_wconf 89' lang='lat' dir='ltr'>Nec</span> <span class='ocrx_word' id='word_1_78' title='bbox 205 1811 318 1867; x_wconf 80' lang='lat' dir='ltr'>tamen</span> <span class='ocrx_word' id='word_1_79' title='bbox 333 1803 531 1868; x_wconf 88' lang='lat' dir='ltr'>omnimodis</span> <span class='ocrx_word' id='word_1_80' title='bbox 546 1805 676 1869; x_wconf 85' lang='lat' dir='ltr'>conecti</span> <span class='ocrx_word' id='word_1_81' title='bbox 690 1826 792 1889; x_wconf 87' lang='lat' dir='ltr'>posse</span> <span class='ocrx_word' id='word_1_82' title='bbox 806 1807 991 1891; x_wconf 82' lang='lat' dir='ltr'>putendum</span> <span class='ocrx_word' id='word_1_83' title='bbox 1007 1819 1060 1874; x_wconf 86' lang='lat' dir='ltr'>est</span> 
     </span>
     <span class='ocr_line' id='line_1_13' title="bbox 90 1917 890 2004; baseline 0.008 -25"><span class='ocrx_word' id='word_1_84' title='bbox 90 1917 206 1980; x_wconf 86' lang='lat' dir='ltr'>omnia:</span> <span class='ocrx_word' id='word_1_85' title='bbox 219 1937 295 1980; x_wconf 82' lang='lat' dir='ltr'>nem</span> <span class='ocrx_word' id='word_1_86' title='bbox 309 1918 410 2004; x_wconf 84' lang='lat' dir='ltr'>volgo</span> <span class='ocrx_word' id='word_1_87' title='bbox 424 1920 494 1982; x_wconf 88' lang='lat' dir='ltr'>fieri</span> <span class='ocrx_word' id='word_1_88' title='bbox 510 1927 667 2004; x_wconf 86' lang='lat' dir='ltr'>portenta</span> <span class='ocrx_word' id='word_1_89' title='bbox 679 1917 827 1996; x_wconf 86' lang='lat' dir='ltr'>videres,</span> <span class='ocrx_word' id='word_1_90' title='bbox 886 1955 890 1962; x_wconf 93' lang='lat'><em>·</em></span> 
     </span>
     <span class='ocr_line' id='line_1_14' title="bbox 91 2031 902 2120; baseline 0.01 -27"><span class='ocrx_word' id='word_1_91' title='bbox 91 2031 252 2094; x_wconf 82' lang='lat' dir='ltr'>semiferas</span> <span class='ocrx_word' id='word_1_92' title='bbox 266 2031 434 2096; x_wconf 91' lang='lat' dir='ltr'>hominnm</span> <span class='ocrx_word' id='word_1_93' title='bbox 449 2035 579 2120; x_wconf 86' lang='lat' dir='ltr'>species</span> <span class='ocrx_word' id='word_1_94' title='bbox 594 2035 754 2111; x_wconf 81' lang='lat' dir='ltr'>existere,</span> <span class='ocrx_word' id='word_1_95' title='bbox 767 2042 801 2098; x_wconf 89' lang='lat' dir='ltr'>et</span> <span class='ocrx_word' id='word_1_96' title='bbox 814 2035 902 2101; x_wconf 88' lang='lat' dir='ltr'>altos</span> 
     </span>
     <span class='ocr_line' id='line_1_15' title="bbox 90 2145 779 2234; baseline 0.009 -27"><span class='ocrx_word' id='word_1_97' title='bbox 90 2145 168 2208; x_wconf 86' lang='lat' dir='ltr'>inter</span> <span class='ocrx_word' id='word_1_98' title='bbox 182 2145 263 2209; x_wconf 91' lang='lat' dir='ltr'>dum</span> <span class='ocrx_word' id='word_1_99' title='bbox 277 2167 389 2211; x_wconf 83' lang='lat' dir='ltr'>ramos</span> <span class='ocrx_word' id='word_1_100' title='bbox 405 2149 512 2233; x_wconf 85' lang='lat' dir='ltr'>egigni</span> <span class='ocrx_word' id='word_1_101' title='bbox 528 2170 670 2234; x_wconf 90' lang='lat' dir='ltr'>corpore</span> <span class='ocrx_word' id='word_1_102' title='bbox 684 2150 779 2222; x_wconf 87' lang='lat' dir='ltr'>vivo,</span> 
     </span>
     <span class='ocr_line' id='line_1_16' title="bbox 91 2259 906 2346; baseline 0.01 -26"><span class='ocrx_word' id='word_1_103' title='bbox 91 2259 250 2346; x_wconf 85' lang='lat' dir='ltr'>multaque</span> <span class='ocrx_word' id='word_1_104' title='bbox 266 2262 395 2326; x_wconf 86' lang='lat' dir='ltr'>conecti</span> <span class='ocrx_word' id='word_1_105' title='bbox 409 2264 582 2326; x_wconf 80' lang='lat' dir='ltr'>terrestria</span> <span class='ocrx_word' id='word_1_106' title='bbox 595 2265 742 2327; x_wconf 89' lang='lat' dir='ltr'>membra</span> <span class='ocrx_word' id='word_1_107' title='bbox 755 2264 906 2339; x_wconf 88' lang='lat' dir='ltr'>marinis,</span> 
     </span>
    </p>

    <p class='ocr_par' dir='ltr' id='par_1_5' title="bbox 39 2373 1014 2692">
     <span class='ocr_line' id='line_1_17' title="bbox 39 2373 907 2461; baseline 0.013 -30"><span class='ocrx_word' id='word_1_108' title='bbox 39 2387 73 2430; x_wconf 73' lang='lat' dir='ltr'>oo</span> <span class='ocrx_word' id='word_1_109' title='bbox 92 2381 152 2436; x_wconf 88' lang='lat' dir='ltr'>tum</span> <span class='ocrx_word' id='word_1_110' title='bbox 166 2373 328 2439; x_wconf 85' lang='lat' dir='ltr'>dammam</span> <span class='ocrx_word' id='word_1_111' title='bbox 343 2385 454 2440; x_wconf 88' lang='lat' dir='ltr'>taetro</span> <span class='ocrx_word' id='word_1_112' title='bbox 470 2377 626 2461; x_wconf 83' lang='lat' dir='ltr'>spirantis</span> <span class='ocrx_word' id='word_1_113' title='bbox 642 2398 700 2442; x_wconf 89' lang='lat' dir='ltr'>ore</span> <span class='ocrx_word' id='word_1_114' title='bbox 716 2377 907 2442; x_wconf 84' lang='lat' dir='ltr'>Chimaeras</span> 
     </span>
     <span class='ocr_line' id='line_1_18' title="bbox 91 2491 1011 2576; baseline 0.004 -23"><span class='ocrx_word' id='word_1_115' title='bbox 91 2511 218 2574; x_wconf 83' lang='lat' dir='ltr'>pascere</span> <span class='ocrx_word' id='word_1_116' title='bbox 232 2498 386 2554; x_wconf 84' lang='lat' dir='ltr'>naturam</span> <span class='ocrx_word' id='word_1_117' title='bbox 401 2513 461 2576; x_wconf 91' lang='lat' dir='ltr'>per</span> <span class='ocrx_word' id='word_1_118' title='bbox 476 2498 583 2555; x_wconf 85' lang='lat' dir='ltr'>terras</span> <span class='ocrx_word' id='word_1_119' title='bbox 598 2491 850 2576; x_wconf 86' lang='lat' dir='ltr'>omniparentis.</span> <span class='ocrx_word' id='word_1_120' title='bbox 1008 2565 1011 2572; x_wconf 41' lang='lat'>‚</span> 
     </span>
     <span class='ocr_line' id='line_1_19' title="bbox 93 2593 1014 2692; baseline 0.009 -27"><span class='ocrx_word' id='word_1_121' title='bbox 93 2625 223 2687; x_wconf 87' lang='lat' dir='ltr'>quorum</span> <span class='ocrx_word' id='word_1_122' title='bbox 236 2605 282 2667; x_wconf 91' lang='lat' dir='ltr'>nil</span> <span class='ocrx_word' id='word_1_123' title='bbox 296 2605 368 2668; x_wconf 87' lang='lat' dir='ltr'>fieri</span> <span class='ocrx_word' id='word_1_124' title='bbox 380 2605 587 2670; x_wconf 87' lang='lat' dir='ltr'>manifestum</span> <span class='ocrx_word' id='word_1_125' title='bbox 604 2616 671 2680; x_wconf 83' lang='lat' dir='ltr'>est,</span> <span class='ocrx_word' id='word_1_126' title='bbox 684 2607 792 2671; x_wconf 90' lang='lat' dir='ltr'>omnia</span> <span class='ocrx_word' id='word_1_127' title='bbox 807 2608 944 2692; x_wconf 88' lang='lat' dir='ltr'>quando</span> <span class='ocrx_word' id='word_1_128' title='bbox 1010 2593 1014 2602; x_wconf 44' lang='lat'>¹</span> 
     </span>
    </p>

    <p class='ocr_par' dir='ltr' id='par_1_6' title="bbox 70 2720 900 2921">
     <span class='ocr_line' id='line_1_20' title="bbox 70 2720 799 2806; baseline 0.005 -26"><span class='ocrx_word' id='word_1_129' title='bbox 70 2795 73 2802; x_wconf 25' lang='grc'>1</span> <span class='ocrx_word' id='word_1_130' title='bbox 94 2720 262 2783; x_wconf 89' lang='lat' dir='ltr'>seminibus</span> <span class='ocrx_word' id='word_1_131' title='bbox 279 2721 379 2784; x_wconf 88' lang='lat' dir='ltr'>certis</span> <span class='ocrx_word' id='word_1_132' title='bbox 394 2729 487 2784; x_wconf 87' lang='lat' dir='ltr'>certa</span> <span class='ocrx_word' id='word_1_133' title='bbox 502 2721 670 2806; x_wconf 86' lang='lat' dir='ltr'>genetrice</span> <span class='ocrx_word' id='word_1_134' title='bbox 686 2729 799 2784; x_wconf 86' lang='lat' dir='ltr'>creata</span> 
     </span>
     <span class='ocr_line' id='line_1_21' title="bbox 94 2834 900 2921; baseline 0.011 -29"><span class='ocrx_word' id='word_1_135' title='bbox 94 2852 284 2898; x_wconf 83' lang='lat' dir='ltr'>conservare</span> <span class='ocrx_word' id='word_1_136' title='bbox 298 2853 403 2918; x_wconf 88' lang='lat' dir='ltr'>genus</span> <span class='ocrx_word' id='word_1_137' title='bbox 419 2838 606 2900; x_wconf 85' lang='lat' dir='ltr'>crescentia</span> <span class='ocrx_word' id='word_1_138' title='bbox 619 2857 721 2921; x_wconf 89' lang='lat' dir='ltr'>posse</span> <span class='ocrx_word' id='word_1_139' title='bbox 736 2834 900 2901; x_wconf 87' lang='lat' dir='ltr'>videmus.</span> 
     </span>
    </p>

    <p class='ocr_par' dir='ltr' id='par_1_7' title="bbox 42 2947 951 3492">
     <span class='ocr_line' id='line_1_22' title="bbox 42 2947 815 3022; baseline 0.01 -19"><span class='ocrx_word' id='word_1_140' title='bbox 42 2958 80 3004; x_wconf 77' lang='lat' dir='ltr'>:ro</span> <span class='ocrx_word' id='word_1_141' title='bbox 97 2947 229 3022; x_wconf 87' lang='lat' dir='ltr'>scilieet,</span> <span class='ocrx_word' id='word_1_142' title='bbox 241 2948 277 3012; x_wconf 92' lang='lat' dir='ltr'>id</span> <span class='ocrx_word' id='word_1_143' title='bbox 291 2957 384 3013; x_wconf 85' lang='lat' dir='ltr'>certa</span> <span class='ocrx_word' id='word_1_144' title='bbox 396 2949 467 3014; x_wconf 89' lang='lat' dir='ltr'>fieri</span> <span class='ocrx_word' id='word_1_145' title='bbox 481 2951 611 3014; x_wconf 83' lang='lat' dir='ltr'>ratione</span> <span class='ocrx_word' id='word_1_146' title='bbox 625 2959 815 3014; x_wconf 84' lang='lat' dir='ltr'>necessust.</span> 
     </span>
     <span class='ocr_line' id='line_1_23' title="bbox 94 3064 951 3148; baseline 0.006 -25"><span class='ocrx_word' id='word_1_147' title='bbox 94 3081 158 3125; x_wconf 91' lang='lat' dir='ltr'>nam</span> <span class='ocrx_word' id='word_1_148' title='bbox 173 3085 234 3127; x_wconf 86' lang='lat' dir='ltr'>sua</span> <span class='ocrx_word' id='word_1_149' title='bbox 249 3065 368 3148; x_wconf 90' lang='lat' dir='ltr'>cuique</span> <span class='ocrx_word' id='word_1_150' title='bbox 384 3065 466 3127; x_wconf 86' lang='lat' dir='ltr'>cibis</span> <span class='ocrx_word' id='word_1_151' title='bbox 482 3085 523 3126; x_wconf 85' lang='lat' dir='ltr'>ex</span> <span class='ocrx_word' id='word_1_152' title='bbox 539 3064 691 3127; x_wconf 89' lang='lat' dir='ltr'>omnibus</span> <span class='ocrx_word' id='word_1_153' title='bbox 705 3065 796 3127; x_wconf 88' lang='lat' dir='ltr'>intus</span> <span class='ocrx_word' id='word_1_154' title='bbox 810 3065 843 3126; x_wconf 90' lang='lat' dir='ltr'>in</span> <span class='ocrx_word' id='word_1_155' title='bbox 858 3073 951 3128; x_wconf 84' lang='lat' dir='ltr'>artus</span> 
     </span>
     <span class='ocr_line' id='line_1_24' title="bbox 95 3177 871 3264; baseline 0.005 -26"><span class='ocrx_word' id='word_1_156' title='bbox 95 3197 226 3264; x_wconf 88' lang='lat' dir='ltr'>corpora</span> <span class='ocrx_word' id='word_1_157' title='bbox 241 3177 420 3242; x_wconf 89' lang='lat' dir='ltr'>discedunt</span> <span class='ocrx_word' id='word_1_158' title='bbox 434 3199 629 3263; x_wconf 80' lang='lat' dir='ltr'>conexaque</span> <span class='ocrx_word' id='word_1_159' title='bbox 644 3179 871 3242; x_wconf 86' lang='lat' dir='ltr'>convenientis</span> 
     </span>
     <span class='ocr_line' id='line_1_25' title="bbox 96 3290 840 3357; baseline 0.005 -7"><span class='ocrx_word' id='word_1_160' title='bbox 96 3290 230 3356; x_wconf 88' lang='lat' dir='ltr'>efficiunt</span> <span class='ocrx_word' id='word_1_161' title='bbox 243 3300 372 3357; x_wconf 91' lang='lat' dir='ltr'>motus:</span> <span class='ocrx_word' id='word_1_162' title='bbox 384 3302 420 3356; x_wconf 87' lang='lat' dir='ltr'>at</span> <span class='ocrx_word' id='word_1_163' title='bbox 435 3299 554 3356; x_wconf 85' lang='lat' dir='ltr'>contre</span> <span class='ocrx_word' id='word_1_164' title='bbox 569 3292 675 3356; x_wconf 83' lang='lat' dir='ltr'>aliena</span> <span class='ocrx_word' id='word_1_165' title='bbox 688 3290 840 3356; x_wconf 86' lang='lat' dir='ltr'>videmus</span> 
     </span>
     <span class='ocr_line' id='line_1_26' title="bbox 95 3405 870 3492; baseline 0.009 -28"><span class='ocrx_word' id='word_1_166' title='bbox 95 3405 208 3470; x_wconf 85' lang='lat' dir='ltr'>reicere</span> <span class='ocrx_word' id='word_1_167' title='bbox 223 3409 257 3471; x_wconf 89' lang='lat' dir='ltr'>in</span> <span class='ocrx_word' id='word_1_168' title='bbox 270 3415 379 3472; x_wconf 84' lang='lat' dir='ltr'>terres</span> <span class='ocrx_word' id='word_1_169' title='bbox 392 3415 564 3484; x_wconf 81' lang='lat' dir='ltr'>naturam,</span> <span class='ocrx_word' id='word_1_170' title='bbox 576 3407 746 3492; x_wconf 84' lang='lat' dir='ltr'>multaque</span> <span class='ocrx_word' id='word_1_171' title='bbox 762 3408 870 3471; x_wconf 84' lang='lat' dir='ltr'>caecis</span> 
     </span>
    </p>

    <p class='ocr_par' dir='ltr' id='par_1_8' title="bbox 46 3521 1009 3846">
     <span class='ocr_line' id='line_1_27' title="bbox 46 3521 914 3608; baseline 0.023 -42"><span class='ocrx_word' id='word_1_172' title='bbox 46 3525 78 3571; x_wconf 62' lang='grc' dir='ltr'>τις,</span> <span class='ocrx_word' id='word_1_173' title='bbox 96 3522 283 3605; x_wconf 82' lang='lat' dir='ltr'>corporibus</span> <span class='ocrx_word' id='word_1_174' title='bbox 298 3521 429 3608; x_wconf 86' lang='lat' dir='ltr'>fugiunt</span> <span class='ocrx_word' id='word_1_175' title='bbox 444 3543 461 3584; x_wconf 90' lang='lat' dir='ltr'>e</span> <span class='ocrx_word' id='word_1_176' title='bbox 477 3543 618 3607; x_wconf 89' lang='lat' dir='ltr'>corpore</span> <span class='ocrx_word' id='word_1_177' title='bbox 629 3569 636 3596; x_wconf 82' lang='lat'><em>,</em></span> <span class='ocrx_word' id='word_1_178' title='bbox 648 3523 777 3607; x_wconf 85' lang='lat' dir='ltr'>percita</span> <span class='ocrx_word' id='word_1_179' title='bbox 790 3521 914 3607; x_wconf 83' lang='lat' dir='ltr'>plagis,</span> 
     </span>
     <span class='ocr_line' id='line_1_28' title="bbox 97 3636 1009 3722; baseline 0.009 -31"><span class='ocrx_word' id='word_1_180' title='bbox 97 3651 171 3714; x_wconf 82' lang='lat' dir='ltr'>quae</span> <span class='ocrx_word' id='word_1_181' title='bbox 185 3636 440 3721; x_wconf 83' lang='lat' dir='ltr'>nequeeonccti</span> <span class='ocrx_word' id='word_1_182' title='bbox 457 3657 624 3721; x_wconf 87' lang='lat' dir='ltr'>quoquam</span> <span class='ocrx_word' id='word_1_183' title='bbox 639 3639 780 3722; x_wconf 78' lang='lat' dir='ltr'>potuere</span> <span class='ocrx_word' id='word_1_184' title='bbox 794 3657 904 3720; x_wconf 90' lang='lat' dir='ltr'>neque</span> <span class='ocrx_word' id='word_1_185' title='bbox 919 3637 1009 3700; x_wconf 87' lang='lat' dir='ltr'>intus</span> 
     </span>
     <span class='ocr_line' id='line_1_29' title="bbox 96 3745 788 3846; baseline 0.006 -38"><span class='ocrx_word' id='word_1_186' title='bbox 96 3745 193 3812; x_wconf 80' lang='lat' dir='ltr'>vitalis</span> <span class='ocrx_word' id='word_1_187' title='bbox 208 3757 318 3814; x_wconf 84' lang='lat' dir='ltr'>motus</span> <span class='ocrx_word' id='word_1_188' title='bbox 334 3751 524 3846; x_wconf 85' lang='lat' dir='ltr'>consentire</span> <span class='ocrx_word' id='word_1_189' title='bbox 539 3759 640 3835; x_wconf 85' lang='lat' dir='ltr'>atque</span> <span class='ocrx_word' id='word_1_190' title='bbox 655 3751 788 3814; x_wconf 86' lang='lat' dir='ltr'>imitari.</span> 
     </span>
    </p>

    <p class='ocr_par' dir='ltr' id='par_1_9' title="bbox 14 3859 935 4182">
     <span class='ocr_line' id='line_1_30' title="bbox 14 3859 793 3960; baseline 0.01 -40"><span class='ocrx_word' id='word_1_191' title='bbox 14 3903 15 3960; x_wconf 56' lang='lat'>3</span> <span class='ocrx_word' id='word_1_192' title='bbox 97 3859 205 3926; x_wconf 86' lang='lat' dir='ltr'>sedne</span> <span class='ocrx_word' id='word_1_193' title='bbox 219 3863 308 3928; x_wconf 83' lang='lat' dir='ltr'>forte</span> <span class='ocrx_word' id='word_1_194' title='bbox 323 3873 425 3950; x_wconf 87' lang='lat' dir='ltr'>putes</span> <span class='ocrx_word' id='word_1_195' title='bbox 437 3865 588 3928; x_wconf 83' lang='lat' dir='ltr'>animalia</span> <span class='ocrx_word' id='word_1_196' title='bbox 602 3865 674 3929; x_wconf 85' lang='lat' dir='ltr'>sole</span> <span class='ocrx_word' id='word_1_197' title='bbox 687 3866 793 3928; x_wconf 88' lang='lat' dir='ltr'>teneri</span> 
     </span>
     <span class='ocr_line' id='line_1_31' title="bbox 14 3967 935 4062; baseline 0.01 -28"><span class='ocrx_word' id='word_1_198' title='bbox 14 3967 15 4034; x_wconf 77' lang='lat' dir='ltr'>i</span> <span class='ocrx_word' id='word_1_199' title='bbox 97 3971 214 4058; x_wconf 87' lang='lat' dir='ltr'>legibus</span> <span class='ocrx_word' id='word_1_200' title='bbox 228 3978 298 4053; x_wconf 86' lang='lat' dir='ltr'>his,</span> <span class='ocrx_word' id='word_1_201' title='bbox 310 3977 474 4062; x_wconf 86' lang='lat' dir='ltr'>quaedam</span> <span class='ocrx_word' id='word_1_202' title='bbox 489 3981 575 4044; x_wconf 87' lang='lat' dir='ltr'>ratio</span> <span class='ocrx_word' id='word_1_203' title='bbox 590 3979 797 4044; x_wconf 85' lang='lat' dir='ltr'>disterminat</span> <span class='ocrx_word' id='word_1_204' title='bbox 812 3979 935 4043; x_wconf 86' lang='lat' dir='ltr'>omnio.</span> 
     </span>
     <span class='ocr_line' id='line_1_32' title="bbox 14 4051 796 4182; baseline 0.013 -35"><span class='ocrx_word' id='word_1_205' title='bbox 14 4051 16 4140; x_wconf 79' lang='lat' dir='ltr'>i</span> <span class='ocrx_word' id='word_1_206' title='bbox 48 4093 81 4138; x_wconf 71' lang='lat'>12⁰</span> <span class='ocrx_word' id='word_1_207' title='bbox 98 4091 229 4182; x_wconf 81' lang='lat' dir='ltr'>namvel</span> <span class='ocrx_word' id='word_1_208' title='bbox 242 4093 292 4156; x_wconf 90' lang='lat' dir='ltr'>uti</span> <span class='ocrx_word' id='word_1_209' title='bbox 306 4099 379 4157; x_wconf 84' lang='lat' dir='ltr'>tota</span> <span class='ocrx_word' id='word_1_210' title='bbox 394 4102 513 4159; x_wconf 83' lang='lat' dir='ltr'>nature</span> <span class='ocrx_word' id='word_1_211' title='bbox 527 4093 702 4158; x_wconf 83' lang='lat' dir='ltr'>dissimiles</span> <span class='ocrx_word' id='word_1_212' title='bbox 717 4101 796 4158; x_wconf 88' lang='lat' dir='ltr'>sunt</span> 
     </span>
    </p>
   </div>
   <div class='ocr_carea' id='block_1_3' title="bbox 102 4271 288 4285">
    <p class='ocr_par' dir='ltr' id='par_1_10' title="bbox 102 4271 288 4285">
     <span class='ocr_line' id='line_1_33' title="bbox 102 4271 288 4285; baseline 0.011 -2"><span class='ocrx_word' id='word_1_213' title='bbox 102 4271 288 4285; x_wconf 42' lang='grc' dir='ltr'>’ᾕ-ψ-</span> 
     </span>
    </p>
   </div>
   <div class='ocr_carea' id='block_1_4' title="bbox 14 4369 1213 4512">
    <p class='ocr_par' dir='ltr' id='par_1_11' title="bbox 14 4369 1213 4512">
     <span class='ocr_line' id='line_1_34' title="bbox 101 4369 1213 4443; baseline 0.001 -23"><span class='ocrx_word' id='word_1_214' title='bbox 101 4369 142 4418; x_wconf 77' lang='grc'>663</span> <span class='ocrx_word' id='word_1_215' title='bbox 159 4370 228 4424; x_wconf 86' lang='lat' dir='ltr'>nulla</span> <span class='ocrx_word' id='word_1_216' title='bbox 254 4373 264 4441; x_wconf 85' lang='grc' dir='ltr'>ΙΙ</span> <span class='ocrx_word' id='word_1_217' title='bbox 291 4379 340 4425; x_wconf 81' lang='grc'>696</span> <span class='ocrx_word' id='word_1_218' title='bbox 358 4372 502 4443; x_wconf 83' lang='lat' dir='ltr'>primordia</span> <span class='ocrx_word' id='word_1_219' title='bbox 520 4391 619 4427; x_wconf 85' lang='lat' dir='ltr'>rerum.</span> <span class='ocrx_word' id='word_1_220' title='bbox 647 4375 657 4440; x_wconf 81' lang='grc' dir='ltr'>Η</span> <span class='ocrx_word' id='word_1_221' title='bbox 685 4378 734 4425; x_wconf 85' lang='grc'>766</span> <span class='ocrx_word' id='word_1_222' title='bbox 753 4375 839 4428; x_wconf 84' lang='lat' dir='ltr'>omnio</span> <span class='ocrx_word' id='word_1_223' title='bbox 856 4374 986 4442; x_wconf 86' lang='lat' dir='ltr'>parentis.</span> <span class='ocrx_word' id='word_1_224' title='bbox 1015 4373 1025 4438; x_wconf 69' lang='lat' dir='ltr'>ii</span> <span class='ocrx_word' id='word_1_225' title='bbox 1052 4376 1101 4424; x_wconf 85' lang='grc'>716</span> <span class='ocrx_word' id='word_1_226' title='bbox 1119 4372 1184 4422; x_wconf 82' lang='lat' dir='ltr'>inte.</span> <span class='ocrx_word' id='word_1_227' title='bbox 1204 4371 1213 4434; x_wconf 77' lang='grc' dir='ltr'>ΙΙ</span> 
     </span>
     <span class='ocr_line' id='line_1_35' title="bbox 14 4453 571 4512; baseline 0.014 -12"><span class='ocrx_word' id='word_1_228' title='bbox 14 4493 15 4512; x_wconf 20' lang='grc' dir='ltr'>ἢ</span> <span class='ocrx_word' id='word_1_229' title='bbox 102 4453 143 4500; x_wconf 76' lang='grc'>716</span> <span class='ocrx_word' id='word_1_230' title='bbox 161 4456 257 4508; x_wconf 88' lang='lat' dir='ltr'>omnis.</span> <span class='ocrx_word' id='word_1_231' title='bbox 569 4489 571 4496; x_wconf 92' lang='lat'>·</span> 
     </span>
    </p>
   </div>
   <div class='ocr_carea' id='block_1_5' title="bbox 0 0 1501 5188">
    <p class='ocr_par' dir='ltr' id='par_1_12' title="bbox 0 0 1501 5188">
     <span class='ocr_line' id='line_1_36' title="bbox 0 0 1501 5188; baseline 0 0"><span class='ocrx_word' id='word_1_232' title='bbox 0 0 1501 5188; x_wconf 95' lang='lat' dir='ltr'> </span> 
     </span>
    </p>
   </div>
  </div>
 </body>
</html>
