2972 5188
629 535 678 602 IV
1136 539 1205 608 245

98 705 314 780 sententiam,
329 727 372 770 ne
384 727 455 769 eam
467 707 608 771 arbitrio
620 709 837 794 grammatico
850 709 1053 788 tribuamus,
1068 718 1207 774 senatus
1266 726 1273 744 ·

98 803 287 868 consultum
308 803 400 889 quod
422 814 476 868 est
496 803 539 868 de
561 804 831 870 Bacchanalibus
852 806 935 870 mire
957 805 1151 882 coufirmat,
1172 808 1206 871 in

98 923 165 986 quo
179 904 265 967 recti
280 923 379 967 casus
394 901 429 966 hi
444 910 540 982 suut,
556 905 642 990 quei,
654 903 840 990 [6111666161ἱ
861 905 1007 968 cinnoreei
1014 953 1023 983 ,
1037 905 1129 976 virei,
1145 906 1205 970 ob·

96 1000 175 1085 liqui
188 1007 299 1065 autem
314 1003 421 1066 Latini
427 1050 437 1082 ,
451 1002 563 1065 urbaui
569 1050 579 1082 ,
592 1004 692 1077 66661,
708 1001 770 1066 sed
781 1003 887 1082 maior
899 1003 1033 1066 testium
1044 1024 1126 1086 pars
1137 1025 1205 1068 non

97 1098 283 1162 consentit.
298 1099 333 1162 in
347 1098 561 1188 legeThons
568 1102 680 1186 pepedi
691 1101 843 1165 Romanei
854 1107 889 1163 et
897 1101 1024 1184 pupulci
1037 1103 1189 1165 Romauei
1196 1149 1204 1180 ,

96 1197 211 1284 quodne
226 1198 296 1282 apri
309 1198 385 1261 lucei
400 1198 535 1282 pithoei
545 1246 554 1276 ,
576 1199 640 1261 6116
659 1200 745 1284 cyrei
759 1200 835 1262 lucei
843 1245 852 1276 ,
875 1199 965 1261 ceioie
981 1199 1132 1261 Rounauei
1141 1247 1150 1277 ,
1173 1199 1205 1262 ia

97 1295 211 1358 columi
227 1317 373 1369 numero,
394 1297 428 1358 in
441 1319 475 1359 6ο
497 1319 622 1360 numero
642 1299 747 1382 cyrci,
768 1297 847 1360 cinei
867 1295 978 1366 oleine,
999 1295 1122 1358 enodem
1136 1299 1206 1379 apri

95 1393 183 1456 lucei.
199 1394 236 1456 in
248 1390 391 1458 Servilio
398 1395 573 1478 parentine
583 1396 664 1468 6661,
678 1396 759 1479 repis
766 1395 928 1479 populeiue
939 1393 1063 1456 ceinisoe
1075 1395 1141 1456 suci
1151 1415 1204 1456 iw-

94 1491 173 1554 mine
186 1537 196 1570 ,
217 1491 326 1576 quoius
338 1491 419 1574 repis
432 1491 594 1576 populeioc
608 1493 745 1566 immine,
766 1491 933 1554 tribueudei
946 1513 1041 1554 causa
1054 1537 1064 1569 ,
1079 1491 1206 1576 populei

86 1588 157 1674 fiet.
176 1589 215 1652 in
229 1589 303 1674 lege
317 1588 396 1674 pagi
410 1587 614 1654 Herculanei
627 1589 782 1674 mcyblrei
796 1590 907 1674 popei.
926 1589 962 1652 in
977 1588 1050 1674 lege
1065 1587 1109 1651 de
1120 1589 1203 1653 Ter·

94 1688 219 1752 mensis
238 1687 342 1751 biberi
362 1687 470 1750 amicei
488 1688 638 1773 cocieique
652 1677 780 1771 pcpvdei
794 1687 930 1750 Rotnani
948 1696 1052 1748 suido.
1074 1686 1109 1748 in
1129 1685 1203 1772 lege

94 1781 223 1848 Rubria
231 1785 440 1872 pracfectmce
453 1787 517 1849 61116
527 1786 692 1870 municipei
699 1833 708 1864 ,
723 1785 846 1848 damini
859 1784 978 1870 inscctei
992 1792 1026 1848 61
1037 1785 1143 1847 daunai
1155 1786 1202 1847 io-

86 1881 198 1967 fecici.
221 1883 255 1946 in
277 1904 355 1946 aere
370 1880 588 1946 Heracleensi
610 1884 743 1968 operisve
758 1883 882 1968 publice
895 1882 1070 1968 saciumdei
1091 1905 1202 1956 causa,

93 1981 233 2046 stennone
249 2005 287 2046 cc
298 1982 463 2066 portoodei
477 2005 606 2060 causeo,
627 1981 802 2045 lobitooadei
822 1981 942 2044 ubadei
956 2003 1082 2058 culoso,
1103 1981 1136 2042 in
1150 1981 1202 2044 de·

93 2080 222 2143 mortuei
235 2080 423 2142 domocteioc
436 2080 552 2158 locum,
564 2080 665 2166 stertei
680 2089 714 2142 61
727 2079 840 2142 iudicio
853 2063 1008 2141 maledulci
1022 2077 1202 2140 6666161666·

92 2183 155 2254 tue,
177 2177 388 2261 depucoaadei
402 2199 509 2240 caussa
529 2188 721 2240 auctoratus.
744 2185 847 2261 atquc
863 2176 906 2241 de
922 2173 1026 2240 (leudi
1041 2172 1202 2240 vocandi·

94 2293 159 2356 que
174 2295 256 2338 casn
271 2273 368 2338 aliter
381 2273 545 2338 Lucilium
564 2296 605 2338 ac
619 2275 721 2360 vulgo
744 2282 883 2360 putatur
897 2274 1112 2358 praecepisse
1127 2293 1201 2336 ver-

92 2370 189 2434 siculi
205 2371 275 2434 eius
291 2369 495 2450 ostendunt,
518 2373 669 2457 quisunt
689 2370 915 2436 huiusmodi.
937 2370 1007 2435 Hoc
1020 2371 1068 2434 illi
1079 2371 1203 2458 sacuam

92 2469 220 2550 661661,
242 2479 327 2533 tecue
341 2469 507 2555 loesocies
520 2472 533 2532 i
545 2517 552 2532 .
568 2470 866 2557 ulleudacifurique.
887 2469 980 2532 addes
994 2494 1028 2546 e,
1043 2491 1112 2530 eum
1123 2461 1202 2530 ‘dato

94 2563 204 2630 Furei’
218 2567 365 2631 Iusseris.
382 2565 430 2632 sic
446 2567 531 2630 enim
546 2567 631 2632 haec
646 2566 826 2632 scribenda
841 2575 935 2631 sunt:
952 2587 1029 2628 nam
1044 2589 1113 2628 cum
1127 2565 1202 2628 dare

84 2663 174 2748 surei
184 2665 329 2744 iteneris,
345 2663 440 2749 quod
456 2673 508 2729 est
522 2664 614 2750 apud
626 2664 882 2745 Quintilianum,
896 2664 1045 2750 intellegi
1056 2684 1124 2725 non
1140 2683 1200 2747 po-

92 2767 177 2835 test,
197 2765 266 2828 dato
281 2771 392 2828 eutem
406 2763 547 2828 Plautus
562 2765 726 2848 corripuit
744 2765 778 2827 in
793 2762 971 2828 Bacchisin
988 2785 1009 2836 1,
1027 2761 1099 2840 l‚51
1118 2761 1202 2826 Dato

92 2862 145 2943 qui
158 2862 231 2926 bene
245 2863 300 2924 sit.
322 2861 434 2927 sedin
449 2863 574 2928 dativis
591 2885 726 2948 qnoque
741 2864 813 2926 sive
829 2861 1006 2934 ablativis,
1028 2859 1057 2922 si
1072 2883 1097 2922 e.
1114 2881 1140 2922 c.
1156 2859 1200 2923 (16

91 2953 360 3023 Bacchanalibus
375 2958 501 3022 factum
519 2961 721 3044 excipimus,
743 2962 777 3022 iu
794 2981 860 3042 quo
878 2965 930 3020 est
952 2960 984 3018 iu
999 2957 1199 3028 caecutienti,

91 3054 314 3118 instrumenta
334 3055 469 3138 publice
484 3055 636 3119 videmus
651 3055 751 3118 valde
769 3056 918 3117 variare.
943 3052 1148 3136 epitaphium
1163 3053 1199 3116 L.

92 3152 227 3215 Corneli
243 3153 301 3214 Cn.
317 3150 338 3214 f.
354 3152 412 3215 Cn.
428 3173 458 3213 n.
475 3150 643 3235 Scipionis
662 3153 770 3230 Qrwiei
783 3152 844 3212 vila
863 3150 989 3234 defecit,
1010 3171 1070 3211 11611
1090 3148 1199 3226 boreos,

90 3249 204 3312 lentiore
219 3248 327 3334 (·cm),
345 3247 377 3311 Ie
390 3247 440 3312 lu'c
453 3249 542 3326 61166,
557 3249 628 3334 quei
640 3271 799 3334 uteriquum
812 3249 906 3310 uictos
920 3258 962 3310 cst
974 3245 1111 3308 6161661.
1134 3248 1199 3308 An-

92 3369 145 3410 nos
156 3356 268 3431 putabo
282 3367 329 3408 xx
342 3347 369 3408 is
383 3347 439 3410 leto
454 3357 497 3408 est
508 3347 687 3425 mundabo,
703 3347 755 3409 Ne
769 3345 919 3431 puniretis
932 3333 1044 3408 honri
1058 3343 1128 3428 quei
1141 3344 1198 3404 mi-

91 3445 200 3508 1166611
217 3454 351 3507 iunctio.
373 3443 428 3508 lex
443 3441 574 3506 Thoria
595 3445 754 3530 qiwieique
763 3491 772 3522 ‚
795 3441 856 3506 sed
871 3439 962 3528 quoi,
985 3440 1022 3503 17
1042 3441 1198 3504 6966611111

91 3543 179 3626 quei,
202 3539 242 3604 62
258 3541 299 3606 68
319 3543 347 3604 ei
360 3541 514 3604 leredcice
528 3543 615 3619 6166,
636 3541 677 3604 98
691 3542 777 3626 6161116
798 3541 915 3624 operei.
936 3539 970 3602 in
986 3537 1128 3602 Servilia
1142 3539 1199 3601 eici

91 3658 122 3720 p.
139 3639 174 3703 15
193 3638 231 3703 18
242 3638 282 3702 72
297 3638 338 3703 89
349 3638 389 3702 93
404 3637 454 3716 97,
468 3639 496 3702 ci
510 3637 550 3701 36
561 3637 601 3700 97
617 3637 674 3717 89,
693 3639 730 3700 14
745 3637 862 3723 quoiei,
877 3637 1051 3714 9111116661,
1066 3635 1105 3698 72
1117 3636 1197 3698 iudi-

93 3737 137 3797 cei
145 3784 153 3814 ,
169 3737 208 3800 72
219 3736 261 3802 99
275 3737 404 3800 16616661
411 3738 515 3820 parti.
530 3735 564 3798 in
578 3735 653 3819 lege
668 3736 747 3820 pagi
762 3733 964 3798 Herculanei
979 3734 1061 3798 Jooei
1076 3756 1197 3816 compa-

91 3835 139 3914 9ei
153 3882 159 3894 .
182 3835 216 3898 in
230 3835 305 3920 lege
321 3832 476 3898 Cornelia
491 3833 535 3896 (16
550 3857 596 3896 xx
611 3833 850 3918 quaestoribus
865 3854 900 3905 11,
912 3830 952 3892 34
961 3831 1127 3913 proecouei
1136 3877 1142 3890 .
1164 3829 1198 3891 in

93 3931 226 3996 tabulae
239 3931 404 3996 Bantinos
427 3940 524 4018 tergo
540 3931 624 3994 inice
638 3933 730 4015 leeyei
739 3979 746 3992 .
768 3931 802 3992 in
818 3927 1035 3991 Heracleensi
1055 3925 1095 3988 25
1110 3925 1150 3988 27
1165 3927 1197 3988 iu
1268 3946 1276 3962 ·

90 4030 465 4110 paroi‚49redem10rei
489 4066 524 4076 —
547 4029 701 4093 lieredeioe
720 4029 807 4104 cicc,
830 4025 870 4088 64
892 4024 977 4087 urbei
999 4023 1115 4088 Romae
1126 4073 1134 4102 ,
1156 4023 1196 4088 98

67 4207 71 4216 ι
94 4124 183 4190 oleion
197 4130 284 4215 puni.
299 4129 333 4191 iu
349 4127 423 4212 lege
437 4127 565 4192 Rubria
580 4151 602 4200 1,
611 4125 652 4189 45
668 4125 817 4210 cuptiouci
825 4171 834 4202 ,
857 4145 891 4196 11,
900 4121 941 4184 28
955 4123 1070 4199 6111661,
1085 4122 1125 4185 30
1141 4123 1196 4198 ici,

95 4223 185 4300 qnod
199 4225 362 4308 scriptum
378 4227 469 4290 ostii
482 4226 516 4288 iu
531 4222 647 4288 tabule
658 4219 876 4286 llcraoleensi
891 4219 947 4282 43.
961 4220 1001 4281 iei
1016 4241 1057 4282 ex
1069 4218 1196 4282 Tereu-

94 4315 140 4380 tio
155 4322 248 4406 apud
262 4321 405 4386 Nonium
422 4347 451 4408 p.
461 4323 531 4396 278,
540 4321 580 4384 23
593 4371 599 4385 .
620 4319 804 4385 eVerrouc
819 4317 989 4382 Charisius
1004 4339 1035 4400 p.
1045 4316 1084 4380 97
1099 4339 1196 4378 atinu-

95 4413 132 4474 lei
149 4464 155 4479 .
175 4419 209 4482 in
225 4419 345 4484 Catulli
361 4417 534 4484 codicibus
549 4440 650 4482 unum
666 4416 804 4502 pluralis
820 4413 1005 4498 exemplum
1021 4413 1197 4476 intemera-

96 4513 164 4578 tum
178 4518 338 4582 remansit
352 4515 472 4593 61,213
488 4518 574 4581 16661
585 4518 741 4600 6611116966,
757 4512 902 4577 vocativi
916 4514 995 4576 item
1006 4529 1108 4574 uuum
1120 4507 1169 4580 23,
1183 4507 1193 4570 l
