<?xml version="1.0" encoding="UTF-8"?>
<!DOCTYPE html PUBLIC "-//W3C//DTD XHTML 1.0 Transitional//EN"
    "http://www.w3.org/TR/xhtml1/DTD/xhtml1-transitional.dtd">
<html xmlns="http://www.w3.org/1999/xhtml" xml:lang="en" lang="en">
 <head>
  <title>
</title>
<meta http-equiv="Content-Type" content="text/html;charset=utf-8" />
  <meta name='ocr-system' content='tesseract 3.04.00' />
  <meta name='ocr-capabilities' content='ocr_page ocr_carea ocr_par ocr_line ocrx_word'/>
</head>
<body>
  <div class='ocr_page' id='page_1' title='image "./intlucretiicari00lachgoog_0082.png"; bbox 0 0 2946 5188; ppageno 0'>
   <div class='ocr_carea' id='block_1_1' title="bbox 624 463 656 532">
    <p class='ocr_par' dir='ltr' id='par_1_1' title="bbox 624 463 656 532">
     <span class='ocr_line' id='line_1_1' title="bbox 624 463 656 532; baseline 0 0"><span class='ocrx_word' id='word_1_1' title='bbox 624 463 656 532; x_wconf 96' lang='grc'><strong>11</strong></span> 
     </span>
    </p>
   </div>
   <div class='ocr_carea' id='block_1_2' title="bbox 19 635 1208 4148">
    <p class='ocr_par' dir='ltr' id='par_1_2' title="bbox 19 635 1208 4148">
     <span class='ocr_line' id='line_1_2' title="bbox 85 635 879 722; baseline 0.004 -22"><span class='ocrx_word' id='word_1_2' title='bbox 85 645 116 700; x_wconf 87' lang='lat' dir='ltr'><strong>ut</strong></span> <span class='ocrx_word' id='word_1_3' title='bbox 129 637 163 700; x_wconf 85' lang='lat' dir='ltr'><strong>fit</strong></span> <span class='ocrx_word' id='word_1_4' title='bbox 176 636 233 700; x_wconf 91' lang='lat' dir='ltr'><strong>ubi</strong></span> <span class='ocrx_word' id='word_1_5' title='bbox 247 636 315 699; x_wconf 92' lang='lat' dir='ltr'><strong>nilo</strong></span> <span class='ocrx_word' id='word_1_6' title='bbox 330 636 395 698; x_wconf 89' lang='lat' dir='ltr'><strong>iam</strong></span> <span class='ocrx_word' id='word_1_7' title='bbox 411 635 486 720; x_wconf 90' lang='lat' dir='ltr'><strong>plus</strong></span> <span class='ocrx_word' id='word_1_8' title='bbox 502 643 554 700; x_wconf 91' lang='lat' dir='ltr'><strong>eat</strong></span> <span class='ocrx_word' id='word_1_9' title='bbox 568 635 661 722; x_wconf 92' lang='lat' dir='ltr'><strong>quod</strong></span> <span class='ocrx_word' id='word_1_10' title='bbox 679 636 778 702; x_wconf 91' lang='lat' dir='ltr'><strong>datur</strong></span> <span class='ocrx_word' id='word_1_11' title='bbox 792 639 879 702; x_wconf 90' lang='lat' dir='ltr'><strong>intra</strong></span> 
     </span>
     <span class='ocr_line' id='line_1_3' title="bbox 84 749 895 836; baseline 0.002 -22"><span class='ocrx_word' id='word_1_12' title='bbox 84 751 182 815; x_wconf 86' lang='lat' dir='ltr'><strong>vitalis</strong></span> <span class='ocrx_word' id='word_1_13' title='bbox 196 771 301 815; x_wconf 88' lang='lat' dir='ltr'><strong>venas</strong></span> <span class='ocrx_word' id='word_1_14' title='bbox 316 770 415 834; x_wconf 83' lang='lat' dir='ltr'><strong>qnam</strong></span> <span class='ocrx_word' id='word_1_15' title='bbox 431 749 524 834; x_wconf 92' lang='lat' dir='ltr'><strong>quod</strong></span> <span class='ocrx_word' id='word_1_16' title='bbox 539 749 611 814; x_wconf 89' lang='lat' dir='ltr'><strong>ssuit</strong></span> <span class='ocrx_word' id='word_1_17' title='bbox 625 751 736 836; x_wconf 90' lang='lat' dir='ltr'><strong>adque</strong></span> <span class='ocrx_word' id='word_1_18' title='bbox 750 752 895 816; x_wconf 77' lang='lat' dir='ltr'><strong>recedit.</strong></span> 
     </span>
     <span class='ocr_line' id='line_1_4' title="bbox 19 863 845 930; baseline 0.002 -2"><span class='ocrx_word' id='word_1_19' title='bbox 19 885 68 928; x_wconf 73' lang='lat'><strong>1120</strong></span> <span class='ocrx_word' id='word_1_20' title='bbox 82 866 224 928; x_wconf 89' lang='lat' dir='ltr'><strong>omnibus</strong></span> <span class='ocrx_word' id='word_1_21' title='bbox 238 863 291 927; x_wconf 91' lang='lat' dir='ltr'><strong>his</strong></span> <span class='ocrx_word' id='word_1_22' title='bbox 307 871 401 928; x_wconf 87' lang='lat' dir='ltr'><strong>aetas</strong></span> <span class='ocrx_word' id='word_1_23' title='bbox 415 863 517 928; x_wconf 91' lang='lat' dir='ltr'><strong>debet</strong></span> <span class='ocrx_word' id='word_1_24' title='bbox 531 865 714 929; x_wconf 81' lang='lat' dir='ltr'><strong>consistere</strong></span> <span class='ocrx_word' id='word_1_25' title='bbox 729 866 845 930; x_wconf 90' lang='lat' dir='ltr'><strong>rebus:</strong></span> 
     </span>
     <span class='ocr_line' id='line_1_5' title="bbox 83 967 807 1044; baseline 0.001 -2"><span class='ocrx_word' id='word_1_26' title='bbox 83 979 131 1042; x_wconf 90' lang='lat' dir='ltr'><strong>hic</strong></span> <span class='ocrx_word' id='word_1_27' title='bbox 144 987 260 1042; x_wconf 88' lang='lat' dir='ltr'><strong>natura</strong></span> <span class='ocrx_word' id='word_1_28' title='bbox 274 979 342 1041; x_wconf 91' lang='lat' dir='ltr'><strong>suis</strong></span> <span class='ocrx_word' id='word_1_29' title='bbox 357 977 505 1042; x_wconf 87' lang='lat' dir='ltr'><strong>refrenat</strong></span> <span class='ocrx_word' id='word_1_30' title='bbox 518 967 644 1042; x_wconf 84' lang='lat' dir='ltr'><strong>virilius</strong></span> <span class='ocrx_word' id='word_1_31' title='bbox 659 987 807 1044; x_wconf 85' lang='lat' dir='ltr'><strong>auctum.</strong></span> 
     </span>
     <span class='ocr_line' id='line_1_6' title="bbox 83 1090 1035 1178; baseline 0.005 -23"><span class='ocrx_word' id='word_1_32' title='bbox 83 1115 149 1156; x_wconf 90' lang='lat' dir='ltr'><strong>nam</strong></span> <span class='ocrx_word' id='word_1_33' title='bbox 164 1113 248 1178; x_wconf 86' lang='lat' dir='ltr'><strong>quaa</strong></span> <span class='ocrx_word' id='word_1_34' title='bbox 264 1112 407 1176; x_wconf 88' lang='lat' dir='ltr'><strong>eumque</strong></span> <span class='ocrx_word' id='word_1_35' title='bbox 421 1090 516 1154; x_wconf 88' lang='lat' dir='ltr'><strong>vides</strong></span> <span class='ocrx_word' id='word_1_36' title='bbox 531 1091 638 1155; x_wconf 88' lang='lat' dir='ltr'><strong>hilaro</strong></span> <span class='ocrx_word' id='word_1_37' title='bbox 654 1091 877 1176; x_wconf 80' lang='lat' dir='ltr'><strong>grandescere</strong></span> <span class='ocrx_word' id='word_1_38' title='bbox 891 1096 1035 1161; x_wconf 86' lang='lat' dir='ltr'><strong>adauctu</strong></span> 
     </span>
     <span class='ocr_line' id='line_1_7' title="bbox 81 1204 909 1292; baseline 0.002 -22"><span class='ocrx_word' id='word_1_39' title='bbox 81 1207 296 1292; x_wconf 81' lang='lat' dir='ltr'>paulatimque</span> <span class='ocrx_word' id='word_1_40' title='bbox 310 1204 435 1292; x_wconf 88' lang='lat' dir='ltr'><strong>gradus</strong></span> <span class='ocrx_word' id='word_1_41' title='bbox 450 1206 568 1270; x_wconf 87' lang='lat' dir='ltr'><strong>aetatis</strong></span> <span class='ocrx_word' id='word_1_42' title='bbox 582 1204 746 1271; x_wconf 79' lang='lat' dir='ltr'><strong>scandere</strong></span> <span class='ocrx_word' id='word_1_43' title='bbox 761 1206 909 1283; x_wconf 88' lang='lat' dir='ltr'><strong>adultae,</strong></span> 
     </span>
     <span class='ocr_line' id='line_1_8' title="bbox 82 1317 986 1406; baseline 0.006 -24"><span class='ocrx_word' id='word_1_44' title='bbox 82 1322 169 1405; x_wconf 90' lang='lat' dir='ltr'><strong>plura</strong></span> <span class='ocrx_word' id='word_1_45' title='bbox 182 1322 245 1384; x_wconf 90' lang='lat' dir='ltr'><strong>sibi</strong></span> <span class='ocrx_word' id='word_1_46' title='bbox 259 1319 440 1384; x_wconf 88' lang='lat' dir='ltr'><strong>adsumunt</strong></span> <span class='ocrx_word' id='word_1_47' title='bbox 455 1341 554 1405; x_wconf 85' lang='lat' dir='ltr'><strong>quam</strong></span> <span class='ocrx_word' id='word_1_48' title='bbox 569 1317 611 1384; x_wconf 91' lang='lat' dir='ltr'><strong>dc</strong></span> <span class='ocrx_word' id='word_1_49' title='bbox 626 1341 662 1384; x_wconf 90' lang='lat' dir='ltr'><strong>se</strong></span> <span class='ocrx_word' id='word_1_50' title='bbox 678 1343 822 1406; x_wconf 91' lang='lat' dir='ltr'><strong>corpora</strong></span> <span class='ocrx_word' id='word_1_51' title='bbox 836 1322 986 1396; x_wconf 85' lang='lat' dir='ltr'><strong>mittunt,</strong></span> 
     </span>
     <span class='ocr_line' id='line_1_9' title="bbox 20 1432 950 1510; baseline 0.006 -16"><span class='ocrx_word' id='word_1_52' title='bbox 20 1451 67 1495; x_wconf 75' lang='lat' dir='ltr'><strong>nes</strong></span> <span class='ocrx_word' id='word_1_53' title='bbox 81 1434 151 1497; x_wconf 92' lang='lat' dir='ltr'><strong>dum</strong></span> <span class='ocrx_word' id='word_1_54' title='bbox 164 1435 259 1498; x_wconf 88' lang='lat' dir='ltr'><strong>facile</strong></span> <span class='ocrx_word' id='word_1_55' title='bbox 272 1435 307 1497; x_wconf 93' lang='lat' dir='ltr'><strong>in</strong></span> <span class='ocrx_word' id='word_1_56' title='bbox 321 1454 423 1498; x_wconf 87' lang='lat' dir='ltr'><strong>venas</strong></span> <span class='ocrx_word' id='word_1_57' title='bbox 439 1435 533 1498; x_wconf 88' lang='lat' dir='ltr'><strong>cibus</strong></span> <span class='ocrx_word' id='word_1_58' title='bbox 549 1435 654 1498; x_wconf 89' lang='lat' dir='ltr'><strong>omnis</strong></span> <span class='ocrx_word' id='word_1_59' title='bbox 668 1432 812 1510; x_wconf 83' lang='lat' dir='ltr'><strong>inditur,</strong></span> <span class='ocrx_word' id='word_1_60' title='bbox 824 1443 859 1498; x_wconf 90' lang='lat' dir='ltr'><strong>et</strong></span> <span class='ocrx_word' id='word_1_61' title='bbox 874 1435 950 1500; x_wconf 88' lang='lat' dir='ltr'><strong>dum</strong></span> 
     </span>
     <span class='ocr_line' id='line_1_10' title="bbox 82 1546 909 1633; baseline 0.002 -22"><span class='ocrx_word' id='word_1_62' title='bbox 82 1549 200 1614; x_wconf 86' lang='lat' dir='ltr'><strong>nonita</strong></span> <span class='ocrx_word' id='word_1_63' title='bbox 213 1556 292 1613; x_wconf 90' lang='lat' dir='ltr'><strong>sunt</strong></span> <span class='ocrx_word' id='word_1_64' title='bbox 307 1548 372 1611; x_wconf 87' lang='lat' dir='ltr'><strong>late</strong></span> <span class='ocrx_word' id='word_1_65' title='bbox 388 1546 557 1633; x_wconf 85' lang='lat' dir='ltr'><strong>dispersa,</strong></span> <span class='ocrx_word' id='word_1_66' title='bbox 568 1561 606 1612; x_wconf 89' lang='lat' dir='ltr'><strong>ut</strong></span> <span class='ocrx_word' id='word_1_67' title='bbox 620 1548 722 1612; x_wconf 90' lang='lat' dir='ltr'><strong>multa</strong></span> <span class='ocrx_word' id='word_1_68' title='bbox 736 1549 909 1613; x_wconf 80' lang='lat' dir='ltr'><strong>remittant</strong></span> 
     </span>
     <span class='ocr_line' id='line_1_11' title="bbox 83 1661 900 1750; baseline 0.004 -25"><span class='ocrx_word' id='word_1_69' title='bbox 83 1673 113 1726; x_wconf 89' lang='lat' dir='ltr'><strong>et</strong></span> <span class='ocrx_word' id='word_1_70' title='bbox 124 1663 196 1747; x_wconf 92' lang='lat' dir='ltr'><strong>plus</strong></span> <span class='ocrx_word' id='word_1_71' title='bbox 211 1661 367 1750; x_wconf 83' lang='lat' dir='ltr'><strong>dispendi</strong></span> <span class='ocrx_word' id='word_1_72' title='bbox 381 1661 505 1726; x_wconf 88' lang='lat' dir='ltr'><strong>faciant</strong></span> <span class='ocrx_word' id='word_1_73' title='bbox 519 1684 619 1748; x_wconf 90' lang='lat' dir='ltr'><strong>quam</strong></span> <span class='ocrx_word' id='word_1_74' title='bbox 633 1663 779 1728; x_wconf 83' lang='lat' dir='ltr'><strong>vescitur</strong></span> <span class='ocrx_word' id='word_1_75' title='bbox 793 1671 900 1728; x_wconf 89' lang='lat' dir='ltr'><strong>aetas.</strong></span> 
     </span>
     <span class='ocr_line' id='line_1_12' title="bbox 81 1776 943 1864; baseline 0.003 -25"><span class='ocrx_word' id='word_1_76' title='bbox 81 1798 147 1840; x_wconf 90' lang='lat' dir='ltr'><strong>nam</strong></span> <span class='ocrx_word' id='word_1_77' title='bbox 162 1786 251 1842; x_wconf 88' lang='lat' dir='ltr'><strong>certe</strong></span> <span class='ocrx_word' id='word_1_78' title='bbox 266 1776 370 1840; x_wconf 88' lang='lat' dir='ltr'><strong>fluere</strong></span> <span class='ocrx_word' id='word_1_79' title='bbox 385 1776 496 1861; x_wconf 87' lang='lat' dir='ltr'><strong>adque</strong></span> <span class='ocrx_word' id='word_1_80' title='bbox 511 1776 669 1842; x_wconf 86' lang='lat' dir='ltr'><strong>recedere</strong></span> <span class='ocrx_word' id='word_1_81' title='bbox 685 1800 828 1864; x_wconf 84' lang='lat' dir='ltr'><strong>corpora</strong></span> <span class='ocrx_word' id='word_1_82' title='bbox 841 1779 943 1842; x_wconf 91' lang='lat' dir='ltr'><strong>rebus</strong></span> 
     </span>
     <span class='ocr_line' id='line_1_13' title="bbox 81 1889 1070 1978; baseline 0.01 -26"><span class='ocrx_word' id='word_1_83' title='bbox 81 1891 175 1954; x_wconf 89' lang='lat' dir='ltr'><strong>multa</strong></span> <span class='ocrx_word' id='word_1_84' title='bbox 189 1913 306 1956; x_wconf 90' lang='lat' dir='ltr'><strong>manus</strong></span> <span class='ocrx_word' id='word_1_85' title='bbox 322 1889 470 1954; x_wconf 89' lang='lat' dir='ltr'><strong>dandum</strong></span> <span class='ocrx_word' id='word_1_86' title='bbox 487 1899 554 1955; x_wconf 88' lang='lat' dir='ltr'><strong>est:</strong></span> <span class='ocrx_word' id='word_1_87' title='bbox 567 1891 627 1954; x_wconf 89' lang='lat' dir='ltr'><strong>sed</strong></span> <span class='ocrx_word' id='word_1_88' title='bbox 643 1892 740 1978; x_wconf 89' lang='lat' dir='ltr'><strong>plura</strong></span> <span class='ocrx_word' id='word_1_89' title='bbox 755 1892 916 1958; x_wconf 87' lang='lat' dir='ltr'><strong>accedere</strong></span> <span class='ocrx_word' id='word_1_90' title='bbox 932 1893 1070 1964; x_wconf 81' lang='lat' dir='ltr'><strong>debent.</strong></span> 
     </span>
     <span class='ocr_line' id='line_1_14' title="bbox 25 2003 882 2092; baseline 0.009 -28"><span class='ocrx_word' id='word_1_91' title='bbox 25 2019 69 2064; x_wconf 84' lang='lat' dir='ltr'><strong>un</strong></span> <span class='ocrx_word' id='word_1_92' title='bbox 82 2003 181 2068; x_wconf 89' lang='lat' dir='ltr'><strong>donec</strong></span> <span class='ocrx_word' id='word_1_93' title='bbox 195 2003 364 2070; x_wconf 83' lang='lat' dir='ltr'><strong>alescendi</strong></span> <span class='ocrx_word' id='word_1_94' title='bbox 379 2027 540 2070; x_wconf 90' lang='lat' dir='ltr'><strong>summum</strong></span> <span class='ocrx_word' id='word_1_95' title='bbox 554 2005 695 2092; x_wconf 83' lang='lat' dir='ltr'><strong>tetigere</strong></span> <span class='ocrx_word' id='word_1_96' title='bbox 710 2027 882 2072; x_wconf 87' lang='lat' dir='ltr'><strong>cacumen.</strong></span> 
     </span>
     <span class='ocr_line' id='line_1_15' title="bbox 82 2117 793 2185; baseline 0.004 -3"><span class='ocrx_word' id='word_1_97' title='bbox 82 2119 150 2183; x_wconf 89' lang='lat' dir='ltr'><strong>inde</strong></span> <span class='ocrx_word' id='word_1_98' title='bbox 165 2120 348 2184; x_wconf 86' lang='lat' dir='ltr'><strong>minutatim</strong></span> <span class='ocrx_word' id='word_1_99' title='bbox 361 2120 449 2184; x_wconf 85' lang='lat' dir='ltr'><strong>vires</strong></span> <span class='ocrx_word' id='word_1_100' title='bbox 465 2128 499 2185; x_wconf 90' lang='lat' dir='ltr'><strong>et</strong></span> <span class='ocrx_word' id='word_1_101' title='bbox 512 2122 616 2185; x_wconf 91' lang='lat' dir='ltr'><strong>robor</strong></span> <span class='ocrx_word' id='word_1_102' title='bbox 630 2117 793 2185; x_wconf 87' lang='lat' dir='ltr'><strong>adultum</strong></span> 
     </span>
     <span class='ocr_line' id='line_1_16' title="bbox 81 2234 868 2321; baseline 0.003 -25"><span class='ocrx_word' id='word_1_103' title='bbox 81 2234 194 2321; x_wconf 80' lang='lat' dir='ltr'><strong>frangit</strong></span> <span class='ocrx_word' id='word_1_104' title='bbox 208 2234 289 2298; x_wconf 91' lang='lat' dir='ltr'><strong>etin</strong></span> <span class='ocrx_word' id='word_1_105' title='bbox 303 2241 431 2319; x_wconf 88' lang='lat' dir='ltr'><strong>partem</strong></span> <span class='ocrx_word' id='word_1_106' title='bbox 447 2235 594 2320; x_wconf 89' lang='lat' dir='ltr'><strong>peiorem</strong></span> <span class='ocrx_word' id='word_1_107' title='bbox 608 2235 745 2319; x_wconf 86' lang='lat' dir='ltr'><strong>liquitur</strong></span> <span class='ocrx_word' id='word_1_108' title='bbox 760 2243 868 2300; x_wconf 89' lang='lat' dir='ltr'><strong>aetas.</strong></span> 
     </span>
     <span class='ocr_line' id='line_1_17' title="bbox 83 2333 1208 2438; baseline 0 -24"><span class='ocrx_word' id='word_1_109' title='bbox 83 2351 195 2436; x_wconf 90' lang='lat' dir='ltr'><strong>quippe</strong></span> <span class='ocrx_word' id='word_1_110' title='bbox 209 2349 331 2414; x_wconf 85' lang='lat' dir='ltr'><strong>&#39;etenim</strong></span> <span class='ocrx_word' id='word_1_111' title='bbox 347 2356 474 2434; x_wconf 88' lang='lat' dir='ltr'><strong>quanto</strong></span> <span class='ocrx_word' id='word_1_112' title='bbox 490 2356 542 2412; x_wconf 90' lang='lat' dir='ltr'><strong>est</strong></span> <span class='ocrx_word' id='word_1_113' title='bbox 556 2370 610 2412; x_wconf 88' lang='lat' dir='ltr'><strong>res</strong></span> <span class='ocrx_word' id='word_1_114' title='bbox 625 2349 782 2435; x_wconf 86' lang='lat' dir='ltr'><strong>amplior,</strong></span> <span class='ocrx_word' id='word_1_115' title='bbox 794 2349 944 2433; x_wconf 82' lang='lat' dir='ltr'><strong>augmine</strong></span> <span class='ocrx_word' id='word_1_116' title='bbox 960 2349 1132 2438; x_wconf 86' lang='lat' dir='ltr'><strong>adempto,</strong></span> <span class='ocrx_word' id='word_1_117' title='bbox 1204 2333 1208 2346; x_wconf 51' lang='lat'>⁸</span> 
     </span>
     <span class='ocr_line' id='line_1_18' title="bbox 82 2463 864 2549; baseline 0.001 -24"><span class='ocrx_word' id='word_1_118' title='bbox 82 2473 109 2526; x_wconf 85' lang='lat' dir='ltr'><strong>et</strong></span> <span class='ocrx_word' id='word_1_119' title='bbox 122 2485 185 2548; x_wconf 91' lang='lat' dir='ltr'><strong>quo</strong></span> <span class='ocrx_word' id='word_1_120' title='bbox 201 2463 300 2528; x_wconf 87' lang='lat' dir='ltr'><strong>latior</strong></span> <span class='ocrx_word' id='word_1_121' title='bbox 315 2471 383 2538; x_wconf 88' lang='lat' dir='ltr'><strong>est,</strong></span> <span class='ocrx_word' id='word_1_122' title='bbox 394 2464 428 2526; x_wconf 92' lang='lat' dir='ltr'><strong>in</strong></span> <span class='ocrx_word' id='word_1_123' title='bbox 444 2470 582 2527; x_wconf 89' lang='lat' dir='ltr'><strong>cunctas</strong></span> <span class='ocrx_word' id='word_1_124' title='bbox 597 2463 745 2549; x_wconf 90' lang='lat' dir='ltr'><strong>undiquc</strong></span> <span class='ocrx_word' id='word_1_125' title='bbox 759 2464 864 2548; x_wconf 89' lang='lat' dir='ltr'><strong>partis</strong></span> 
     </span>
     <span class='ocr_line' id='line_1_19' title="bbox 26 2576 906 2665; baseline 0.01 -31"><span class='ocrx_word' id='word_1_126' title='bbox 26 2591 68 2636; x_wconf 77' lang='lat' dir='ltr'><strong>uu</strong></span> <span class='ocrx_word' id='word_1_127' title='bbox 79 2578 167 2662; x_wconf 89' lang='lat' dir='ltr'><strong>plura</strong></span> <span class='ocrx_word' id='word_1_128' title='bbox 179 2577 280 2643; x_wconf 91' lang='lat' dir='ltr'><strong>modo</strong></span> <span class='ocrx_word' id='word_1_129' title='bbox 297 2576 461 2665; x_wconf 85' lang='lat' dir='ltr'><strong>dispargit</strong></span> <span class='ocrx_word' id='word_1_130' title='bbox 476 2585 509 2642; x_wconf 91' lang='lat' dir='ltr'><strong>et</strong></span> <span class='ocrx_word' id='word_1_131' title='bbox 522 2577 565 2642; x_wconf 92' lang='lat' dir='ltr'><strong>ab</strong></span> <span class='ocrx_word' id='word_1_132' title='bbox 581 2599 617 2642; x_wconf 89' lang='lat' dir='ltr'><strong>se</strong></span> <span class='ocrx_word' id='word_1_133' title='bbox 633 2600 777 2664; x_wconf 89' lang='lat' dir='ltr'><strong>corpora</strong></span> <span class='ocrx_word' id='word_1_134' title='bbox 789 2579 906 2646; x_wconf 79' lang='lat' dir='ltr'><strong>mittit.</strong></span> 
     </span>
     <span class='ocr_line' id='line_1_20' title="bbox 81 2692 838 2768; baseline 0.003 -15"><span class='ocrx_word' id='word_1_135' title='bbox 81 2713 133 2756; x_wconf 86' lang='lat' dir='ltr'><strong>nec</strong></span> <span class='ocrx_word' id='word_1_136' title='bbox 145 2692 241 2756; x_wconf 86' lang='lat' dir='ltr'><strong>facile</strong></span> <span class='ocrx_word' id='word_1_137' title='bbox 254 2693 290 2756; x_wconf 92' lang='lat' dir='ltr'><strong>in</strong></span> <span class='ocrx_word' id='word_1_138' title='bbox 305 2712 407 2755; x_wconf 89' lang='lat' dir='ltr'><strong>venas</strong></span> <span class='ocrx_word' id='word_1_139' title='bbox 423 2692 516 2755; x_wconf 90' lang='lat' dir='ltr'><strong>cibus</strong></span> <span class='ocrx_word' id='word_1_140' title='bbox 531 2693 636 2756; x_wconf 89' lang='lat' dir='ltr'><strong>omnis</strong></span> <span class='ocrx_word' id='word_1_141' title='bbox 653 2692 779 2757; x_wconf 89' lang='lat' dir='ltr'><strong>diditur</strong></span> <span class='ocrx_word' id='word_1_142' title='bbox 794 2693 838 2768; x_wconf 86' lang='lat' dir='ltr'><strong>ei,</strong></span> 
     </span>
     <span class='ocr_line' id='line_1_21' title="bbox 81 2807 956 2893; baseline 0.002 -25"><span class='ocrx_word' id='word_1_143' title='bbox 81 2827 133 2870; x_wconf 89' lang='lat' dir='ltr'><strong>nec</strong></span> <span class='ocrx_word' id='word_1_144' title='bbox 146 2808 227 2871; x_wconf 89' lang='lat' dir='ltr'><strong>satis</strong></span> <span class='ocrx_word' id='word_1_145' title='bbox 242 2814 311 2882; x_wconf 89' lang='lat' dir='ltr'><strong>est,</strong></span> <span class='ocrx_word' id='word_1_146' title='bbox 322 2827 384 2893; x_wconf 93' lang='lat' dir='ltr'><strong>pro</strong></span> <span class='ocrx_word' id='word_1_147' title='bbox 400 2826 498 2890; x_wconf 88' lang='lat' dir='ltr'><strong>quam</strong></span> <span class='ocrx_word' id='word_1_148' title='bbox 513 2807 623 2893; x_wconf 89' lang='lat' dir='ltr'><strong>largos</strong></span> <span class='ocrx_word' id='word_1_149' title='bbox 640 2814 814 2871; x_wconf 88' lang='lat' dir='ltr'><strong>exaestuat</strong></span> <span class='ocrx_word' id='word_1_150' title='bbox 828 2815 956 2880; x_wconf 80' lang='lat' dir='ltr'><strong>aestus,</strong></span> 
     </span>
     <span class='ocr_line' id='line_1_22' title="bbox 80 2919 874 3007; baseline -0.001 -23"><span class='ocrx_word' id='word_1_151' title='bbox 80 2921 158 2985; x_wconf 89' lang='lat' dir='ltr'><strong>unde</strong></span> <span class='ocrx_word' id='word_1_152' title='bbox 174 2929 276 3007; x_wconf 89' lang='lat' dir='ltr'><strong>queat</strong></span> <span class='ocrx_word' id='word_1_153' title='bbox 289 2927 419 2985; x_wconf 87' lang='lat' dir='ltr'><strong>tantum</strong></span> <span class='ocrx_word' id='word_1_154' title='bbox 433 2921 576 2986; x_wconf 84' lang='lat' dir='ltr'><strong>suboriri</strong></span> <span class='ocrx_word' id='word_1_155' title='bbox 590 2942 629 2985; x_wconf 90' lang='lat' dir='ltr'><strong>ac</strong></span> <span class='ocrx_word' id='word_1_156' title='bbox 644 2919 874 3006; x_wconf 86' lang='lat' dir='ltr'><strong>subpeditare.</strong></span> 
     </span>
     <span class='ocr_line' id='line_1_23' title="bbox 80 3032 841 3122; baseline -0.004 -25"><span class='ocrx_word' id='word_1_157' title='bbox 80 3034 140 3098; x_wconf 91' lang='lat' dir='ltr'><strong>iure</strong></span> <span class='ocrx_word' id='word_1_158' title='bbox 152 3036 253 3122; x_wconf 89' lang='lat' dir='ltr'><strong>igitur</strong></span> <span class='ocrx_word' id='word_1_159' title='bbox 268 3043 426 3120; x_wconf 85' lang='lat' dir='ltr'><strong>pereunt,</strong></span> <span class='ocrx_word' id='word_1_160' title='bbox 438 3045 513 3098; x_wconf 86' lang='lat' dir='ltr'><strong>cum</strong></span> <span class='ocrx_word' id='word_1_161' title='bbox 527 3034 692 3099; x_wconf 82' lang='lat' dir='ltr'><strong>rarefacta</strong></span> <span class='ocrx_word' id='word_1_162' title='bbox 706 3032 841 3098; x_wconf 89' lang='lat' dir='ltr'><strong>fluendo</strong></span> 
     </span>
     <span class='ocr_line' id='line_1_24' title="bbox 28 3147 941 3232; baseline 0.014 -30"><span class='ocrx_word' id='word_1_163' title='bbox 28 3160 68 3207; x_wconf 83' lang='lat' dir='ltr'><strong>uu</strong></span> <span class='ocrx_word' id='word_1_164' title='bbox 80 3157 147 3212; x_wconf 88' lang='lat' dir='ltr'><strong>sunt</strong></span> <span class='ocrx_word' id='word_1_165' title='bbox 161 3157 194 3214; x_wconf 92' lang='lat' dir='ltr'><strong>et</strong></span> <span class='ocrx_word' id='word_1_166' title='bbox 209 3171 282 3214; x_wconf 90' lang='lat' dir='ltr'><strong>cum</strong></span> <span class='ocrx_word' id='word_1_167' title='bbox 299 3149 446 3213; x_wconf 85' lang='lat' dir='ltr'><strong>externis</strong></span> <span class='ocrx_word' id='word_1_168' title='bbox 462 3147 683 3212; x_wconf 88' lang='lat' dir='ltr'><strong>succumbunt</strong></span> <span class='ocrx_word' id='word_1_169' title='bbox 698 3147 807 3211; x_wconf 90' lang='lat' dir='ltr'><strong>omnia</strong></span> <span class='ocrx_word' id='word_1_170' title='bbox 820 3147 941 3232; x_wconf 84' lang='lat' dir='ltr'><strong>plagis:</strong></span> 
     </span>
     <span class='ocr_line' id='line_1_25' title="bbox 81 3260 949 3350; baseline 0 -25"><span class='ocrx_word' id='word_1_171' title='bbox 81 3262 340 3348; x_wconf 89' lang='lat' dir='ltr'><strong>quandoquidem</strong></span> <span class='ocrx_word' id='word_1_172' title='bbox 354 3261 473 3350; x_wconf 88' lang='lat' dir='ltr'><strong>grandi</strong></span> <span class='ocrx_word' id='word_1_173' title='bbox 487 3263 580 3328; x_wconf 87' lang='lat' dir='ltr'><strong>cibus</strong></span> <span class='ocrx_word' id='word_1_174' title='bbox 596 3283 679 3325; x_wconf 90' lang='lat' dir='ltr'><strong>aevo</strong></span> <span class='ocrx_word' id='word_1_175' title='bbox 696 3261 839 3345; x_wconf 85' lang='lat' dir='ltr'><strong>denique</strong></span> <span class='ocrx_word' id='word_1_176' title='bbox 855 3260 949 3335; x_wconf 79' lang='lat' dir='ltr'><strong>defit,</strong></span> 
     </span>
     <span class='ocr_line' id='line_1_26' title="bbox 80 3375 895 3442; baseline 0.002 -6"><span class='ocrx_word' id='word_1_177' title='bbox 80 3397 133 3440; x_wconf 90' lang='lat' dir='ltr'><strong>nec</strong></span> <span class='ocrx_word' id='word_1_178' title='bbox 147 3377 327 3442; x_wconf 86' lang='lat' dir='ltr'><strong>tuditantia</strong></span> <span class='ocrx_word' id='word_1_179' title='bbox 340 3399 409 3440; x_wconf 90' lang='lat' dir='ltr'><strong>rem</strong></span> <span class='ocrx_word' id='word_1_180' title='bbox 425 3383 560 3442; x_wconf 80' lang='lat' dir='ltr'><strong>cessant</strong></span> <span class='ocrx_word' id='word_1_181' title='bbox 574 3377 782 3440; x_wconf 83' lang='lat' dir='ltr'><strong>extrinsecus</strong></span> <span class='ocrx_word' id='word_1_182' title='bbox 797 3375 895 3439; x_wconf 90' lang='lat' dir='ltr'><strong>ullam</strong></span> 
     </span>
     <span class='ocr_line' id='line_1_27' title="bbox 80 3489 865 3578; baseline 0.004 -28"><span class='ocrx_word' id='word_1_183' title='bbox 80 3511 212 3577; x_wconf 87' lang='lat' dir='ltr'><strong>corpora</strong></span> <span class='ocrx_word' id='word_1_184' title='bbox 226 3491 391 3556; x_wconf 88' lang='lat' dir='ltr'><strong>conficere</strong></span> <span class='ocrx_word' id='word_1_185' title='bbox 406 3498 441 3554; x_wconf 91' lang='lat' dir='ltr'><strong>et</strong></span> <span class='ocrx_word' id='word_1_186' title='bbox 454 3491 560 3578; x_wconf 86' lang='lat' dir='ltr'><strong>plagis</strong></span> <span class='ocrx_word' id='word_1_187' title='bbox 575 3491 697 3556; x_wconf 87' lang='lat' dir='ltr'><strong>infesta</strong></span> <span class='ocrx_word' id='word_1_188' title='bbox 713 3489 865 3578; x_wconf 82' lang='lat' dir='ltr'><strong>domare.</strong></span> 
     </span>
     <span class='ocr_line' id='line_1_28' title="bbox 115 3605 966 3691; baseline -0.002 -23"><span class='ocrx_word' id='word_1_189' title='bbox 115 3605 165 3670; x_wconf 89' lang='lat' dir='ltr'><strong>Sic</strong></span> <span class='ocrx_word' id='word_1_190' title='bbox 179 3606 281 3691; x_wconf 87' lang='lat' dir='ltr'><strong>igitur</strong></span> <span class='ocrx_word' id='word_1_191' title='bbox 294 3605 405 3689; x_wconf 89' lang='lat' dir='ltr'><strong>magni</strong></span> <span class='ocrx_word' id='word_1_192' title='bbox 420 3626 554 3690; x_wconf 92' lang='lat' dir='ltr'><strong>quoque</strong></span> <span class='ocrx_word' id='word_1_193' title='bbox 568 3606 692 3670; x_wconf 90' lang='lat' dir='ltr'><strong>circum</strong></span> <span class='ocrx_word' id='word_1_194' title='bbox 708 3605 838 3669; x_wconf 86' lang='lat' dir='ltr'><strong>moenia</strong></span> <span class='ocrx_word' id='word_1_195' title='bbox 853 3605 966 3667; x_wconf 86' lang='lat' dir='ltr'><strong>mundi</strong></span> 
     </span>
     <span class='ocr_line' id='line_1_29' title="bbox 27 3717 852 3806; baseline 0.012 -36"><span class='ocrx_word' id='word_1_196' title='bbox 27 3727 68 3773; x_wconf 81' lang='lat' dir='ltr'><strong>uu</strong></span> <span class='ocrx_word' id='word_1_197' title='bbox 79 3727 258 3806; x_wconf 87' lang='lat' dir='ltr'><strong>expugnata</strong></span> <span class='ocrx_word' id='word_1_198' title='bbox 273 3717 401 3784; x_wconf 85' lang='lat' dir='ltr'><strong>dabunt</strong></span> <span class='ocrx_word' id='word_1_199' title='bbox 414 3719 523 3782; x_wconf 88' lang='lat' dir='ltr'><strong>labem</strong></span> <span class='ocrx_word' id='word_1_200' title='bbox 536 3720 710 3804; x_wconf 87' lang='lat' dir='ltr'><strong>putrisque</strong></span> <span class='ocrx_word' id='word_1_201' title='bbox 725 3719 852 3781; x_wconf 88' lang='lat' dir='ltr'><strong>ruinas:</strong></span> 
     </span>
     <span class='ocr_line' id='line_1_30' title="bbox 81 3826 860 3918; baseline 0.001 -25"><span class='ocrx_word' id='word_1_202' title='bbox 81 3836 178 3898; x_wconf 90' lang='lat' dir='ltr'><strong>omnia</strong></span> <span class='ocrx_word' id='word_1_203' title='bbox 193 3826 297 3898; x_wconf 78' lang='lat' dir='ltr'><strong>debe&#39;t</strong></span> <span class='ocrx_word' id='word_1_204' title='bbox 312 3833 398 3896; x_wconf 90' lang='lat' dir='ltr'><strong>enim</strong></span> <span class='ocrx_word' id='word_1_205' title='bbox 413 3833 507 3897; x_wconf 88' lang='lat' dir='ltr'><strong>cibus</strong></span> <span class='ocrx_word' id='word_1_206' title='bbox 521 3833 688 3918; x_wconf 88' lang='lat' dir='ltr'><strong>integrare</strong></span> <span class='ocrx_word' id='word_1_207' title='bbox 702 3829 860 3895; x_wconf 78' lang='lat' dir='ltr'><strong>nouando</strong></span> 
     </span>
     <span class='ocr_line' id='line_1_31' title="bbox 80 3947 805 4023; baseline 0.003 -17"><span class='ocrx_word' id='word_1_208' title='bbox 80 3958 108 4009; x_wconf 85' lang='lat' dir='ltr'><strong>et</strong></span> <span class='ocrx_word' id='word_1_209' title='bbox 119 3949 229 4014; x_wconf 81' lang='lat' dir='ltr'><strong>fulcire</strong></span> <span class='ocrx_word' id='word_1_210' title='bbox 245 3948 355 4023; x_wconf 89' lang='lat' dir='ltr'><strong>cibus,</strong></span> <span class='ocrx_word' id='word_1_211' title='bbox 368 3948 460 4014; x_wconf 87' lang='lat' dir='ltr'><strong>cibus</strong></span> <span class='ocrx_word' id='word_1_212' title='bbox 477 3947 586 4011; x_wconf 90' lang='lat' dir='ltr'><strong>omnia</strong></span> <span class='ocrx_word' id='word_1_213' title='bbox 601 3953 805 4020; x_wconf 86' lang='lat' dir='ltr'><strong>sustentare,</strong></span> 
     </span>
     <span class='ocr_line' id='line_1_32' title="bbox 80 4058 911 4148; baseline -0.001 -26"><span class='ocrx_word' id='word_1_214' title='bbox 80 4079 114 4122; x_wconf 89' lang='lat' dir='ltr'><strong>ue</strong></span> <span class='ocrx_word' id='word_1_215' title='bbox 127 4063 299 4148; x_wconf 85' lang='lat' dir='ltr'><strong>quiquam,</strong></span> <span class='ocrx_word' id='word_1_216' title='bbox 311 4063 466 4147; x_wconf 89' lang='lat' dir='ltr'><strong>quoniam</strong></span> <span class='ocrx_word' id='word_1_217' title='bbox 480 4083 543 4126; x_wconf 89' lang='lat' dir='ltr'><strong>nec</strong></span> <span class='ocrx_word' id='word_1_218' title='bbox 558 4081 663 4124; x_wconf 88' lang='lat' dir='ltr'><strong>venae</strong></span> <span class='ocrx_word' id='word_1_219' title='bbox 678 4058 911 4146; x_wconf 89' lang='lat' dir='ltr'><strong>perpetiuntur</strong></span> 
     </span>
    </p>
   </div>
   <div class='ocr_carea' id='block_1_3' title="bbox 81 4337 1194 4494">
    <p class='ocr_par' dir='ltr' id='par_1_3' title="bbox 81 4337 1194 4494">
     <span class='ocr_line' id='line_1_33' title="bbox 84 4337 1194 4412; baseline -0.004 -26"><span class='ocrx_word' id='word_1_220' title='bbox 84 4341 139 4389; x_wconf 89' lang='grc'><strong>1122</strong></span> <span class='ocrx_word' id='word_1_221' title='bbox 156 4341 221 4394; x_wconf 84' lang='lat' dir='ltr'><strong>hilar</strong></span> <span class='ocrx_word' id='word_1_222' title='bbox 238 4343 249 4412; x_wconf 91' lang='grc'><strong>11</strong></span> <span class='ocrx_word' id='word_1_223' title='bbox 271 4349 334 4394; x_wconf 87' lang='grc'><strong>1124</strong></span> <span class='ocrx_word' id='word_1_224' title='bbox 353 4358 417 4394; x_wconf 85' lang='lat' dir='ltr'><strong>cora</strong></span> <span class='ocrx_word' id='word_1_225' title='bbox 436 4343 446 4409; x_wconf 95' lang='grc'><strong>11</strong></span> <span class='ocrx_word' id='word_1_226' title='bbox 465 4346 530 4393; x_wconf 80' lang='grc'><strong>1129</strong></span> <span class='ocrx_word' id='word_1_227' title='bbox 549 4340 641 4393; x_wconf 88' lang='lat' dir='ltr'><strong>debet.</strong></span> <span class='ocrx_word' id='word_1_228' title='bbox 665 4337 675 4408; x_wconf 93' lang='grc'><strong>11</strong></span> <span class='ocrx_word' id='word_1_229' title='bbox 702 4343 764 4389; x_wconf 82' lang='grc'><strong>1135</strong></span> <span class='ocrx_word' id='word_1_230' title='bbox 784 4356 799 4390; x_wconf 91' lang='lat' dir='ltr'><strong>a</strong></span> <span class='ocrx_word' id='word_1_231' title='bbox 816 4355 845 4392; x_wconf 90' lang='lat' dir='ltr'><strong>se</strong></span> <span class='ocrx_word' id='word_1_232' title='bbox 863 4341 874 4409; x_wconf 95' lang='grc'><strong>11</strong></span> <span class='ocrx_word' id='word_1_233' title='bbox 895 4345 959 4392; x_wconf 80' lang='grc'><strong>1136</strong></span> <span class='ocrx_word' id='word_1_234' title='bbox 977 4337 1110 4404; x_wconf 71' lang='lat' dir='ltr'><strong>dedituri!</strong></span> <span class='ocrx_word' id='word_1_235' title='bbox 1131 4340 1194 4387; x_wconf 79' lang='grc'><strong>1138</strong></span> 
     </span>
     <span class='ocr_line' id='line_1_34' title="bbox 81 4421 882 4494; baseline 0.002 -20"><span class='ocrx_word' id='word_1_236' title='bbox 81 4431 165 4486; x_wconf 69' lang='lat' dir='ltr'><strong>qttesnt</strong></span> <span class='ocrx_word' id='word_1_237' title='bbox 183 4424 192 4490; x_wconf 96' lang='grc'><strong>11</strong></span> <span class='ocrx_word' id='word_1_238' title='bbox 213 4431 275 4478; x_wconf 86' lang='grc'><strong>1145</strong></span> <span class='ocrx_word' id='word_1_239' title='bbox 295 4426 380 4494; x_wconf 84' lang='lat' dir='ltr'><strong>putris</strong></span> <span class='ocrx_word' id='word_1_240' title='bbox 399 4425 409 4492; x_wconf 95' lang='grc'><strong>11</strong></span> <span class='ocrx_word' id='word_1_241' title='bbox 431 4430 494 4476; x_wconf 82' lang='grc'><strong>1147</strong></span> <span class='ocrx_word' id='word_1_242' title='bbox 513 4424 588 4476; x_wconf 87' lang='lat' dir='ltr'><strong>cibus</strong></span> <span class='ocrx_word' id='word_1_243' title='bbox 606 4423 690 4476; x_wconf 68' lang='lat' dir='ltr'><strong>sanet.</strong></span> <span class='ocrx_word' id='word_1_244' title='bbox 710 4422 719 4488; x_wconf 94' lang='grc'><strong>11</strong></span> <span class='ocrx_word' id='word_1_245' title='bbox 741 4427 805 4473; x_wconf 82' lang='grc'><strong>1148</strong></span> <span class='ocrx_word' id='word_1_246' title='bbox 824 4421 882 4476; x_wconf 85' lang='lat' dir='ltr'><strong>Nec</strong></span> 
     </span>
    </p>
   </div>
   <div class='ocr_carea' id='block_1_4' title="bbox 0 0 1478 5188">
    <p class='ocr_par' dir='ltr' id='par_1_4' title="bbox 0 0 1478 5188">
     <span class='ocr_line' id='line_1_35' title="bbox 0 0 1478 5188; baseline 0 0"><span class='ocrx_word' id='word_1_247' title='bbox 0 0 1478 5188; x_wconf 95' lang='lat' dir='ltr'><strong> </strong></span> 
     </span>
    </p>
   </div>
  </div>
 </body>
</html>
