2946 5188
599 483 646 552 lll

69 663 241 740 conspectu
256 677 299 720 ex
313 655 481 721 hominum
491 705 499 732 ,
509 656 638 721 foedati
653 658 787 722 crimine
802 662 905 745 turpi,
978 742 986 754 Ι
1044 642 1049 652 ’

19 789 45 832 ao
72 771 211 836 omnibus
227 772 371 835 erumnis
387 768 509 834 adfecti
526 768 670 856 denique
685 773 816 849 vivunt,

72 895 99 948 et
112 907 175 971 quo
190 906 333 970 cumque
347 863 458 948 tamen
471 885 581 950 miseri
596 907 718 950 venere
733 897 911 972 parentant

72 1009 101 1063 et
112 1001 219 1086 nigras
233 1006 381 1064 mactant
395 998 542 1084 pecudes
558 1007 592 1064 et
605 999 746 1065 manibu'
761 1000 849 1067 divis

72 1113 191 1178 inferias
204 1115 357 1189 mittunt,
367 1113 539 1198 multoque
554 1115 588 1178 in
602 1115 704 1180 rebus
719 1117 849 1180 acerbis

72 1229 168 1292 acn'us
181 1227 365 1293 advertunt
379 1229 507 1292 animos
522 1227 566 1292 ad
581 1229 788 1316 religionem.

24 1360 48 1402 ss
74 1363 133 1427 quo
147 1343 250 1429 magis
263 1343 298 1406 in
314 1341 423 1408 dubiis
437 1343 605 1407 hominem
619 1353 774 1430 spectare
789 1347 922 1430 periclis

72 1457 216 1521 convenit
230 1455 450 1542 adversisque
464 1458 500 1521 in
513 1459 614 1522 rebus
628 1480 769 1540 noscere
785 1460 841 1545 qui
857 1460 912 1524 sit:

71 1591 138 1635 nam
150 1591 249 1636 verae
263 1592 365 1636 voces
379 1579 448 1636 tum
463 1571 594 1637 demum
609 1581 747 1659 pectore
762 1573 804 1638 ab
819 1575 884 1638 imo

74 1685 241 1761 eiciuntur,
253 1693 288 1749 et
303 1685 440 1772 eripitur
454 1707 617 1774 persona,
628 1697 742 1752 manet
754 1709 826 1752 res.

73 1798 206 1886 denique
220 1801 374 1866 avarities
391 1811 423 1866 et
437 1801 602 1866 honorum
617 1823 717 1866 caeca
733 1801 871 1889 cupido,

28 1930 50 1966 o
74 1935 152 2000 quae
164 1916 301 1980 miseros
315 1911 466 1980 homines
482 1925 607 2001 cogunt
621 1917 859 1982 transceudere
873 1918 955 1982 lines

73 2029 144 2092 iuris
158 2039 191 2094 et
204 2031 292 2094 inter
308 2028 385 2094 dum
401 2029 513 2116 socios
528 2030 689 2095 scelerum
704 2041 806 2116 atque
820 2005 1010 2098 ministros.

74 2152 179 2209 noctes
193 2153 295 2230 atque
310 2141 382 2208 dies
396 2143 455 2207 niti
470 2153 662 2230 praestante
676 2143 793 2210 labore

74 2257 112 2321 ad
125 2279 265 2323 summas
280 2278 448 2344 emergere
464 2279 546 2343 opes
556 2307 564 2333 ‚
575 2257 659 2322 haec
674 2259 813 2324 vulnera
826 2261 914 2324 vitae

74 2395 133 2436 non
146 2374 307 2438 minimam
321 2380 449 2460 partem
463 2372 580 2435 mortis
594 2371 769 2436 formidine
784 2373 933 2438 aluntur.

32 2501 53 2544 u
75 2488 170 2574 turpis
185 2488 269 2552 enim
283 2486 386 2551 ferme
401 2492 614 2572 contemptus
629 2495 663 2551 et
677 2488 763 2550 acris
779 2497 910 2573 egestas

75 2611 190 2667 semota
203 2604 244 2666 ab
261 2601 350 2666 dulci
364 2601 433 2664 vita
448 2600 623 2686 stabilique
639 2599 795 2666 videntur

77 2725 104 2780 et
116 2717 208 2802 quasi
220 2717 285 2780 iam
301 2716 357 2781 leti
372 2724 487 2800 portas
504 2715 689 2780 cunctarier
704 2724 799 2794 ante3

76 2829 153 2895 unde
166 2831 317 2896 homines
333 2828 411 2894 dum
425 2852 461 2893 se
475 2828 560 2894 falso
576 2841 706 2894 terrore
721 2832 831 2894 coacti

77 2945 215 3032 effugisse
229 2944 350 3009 volunt
362 2943 460 3030 louge
470 2993 477 3020 ,
488 2945 654 3029 longeque
669 2964 831 3018 remeses,

36 3072 56 3112 ³¹·
78 3061 223 3147 sauguine
238 3058 325 3123 civili
341 3079 410 3122 rem
426 3057 573 3120 conflant
587 3056 787 3139 divitiasque

78 3171 300 3260 conduplicant
314 3171 403 3236 avidi
413 3219 420 3247 ‚
432 3170 567 3235 caedem
583 3167 686 3234 caede
700 3167 961 3242 accumulantes,

79 3289 216 3354 crudeles
230 3286 379 3374 gaudent
392 3287 426 3350 in
442 3287 528 3351 tristi
543 3284 660 3348 funere
674 3283 805 3358 fratria,

79 3411 105 3465 et
117 3402 394 3488 consanguineum
407 3421 539 3466 mensas
554 3399 658 3464 odere
671 3399 868 3482 timentque.

80 3517 225 3582 consimili
239 3517 369 3582 ratione
384 3517 426 3580 ab
442 3514 560 3580 eodem
574 3534 675 3599 saepe
690 3513 809 3612 timore

40 3639 59 3684 1⁵
80 3642 211 3697 macerat
224 3630 454 3696 invidiarum
469 3630 586 3694 oculos
599 3628 689 3692 illum
704 3647 777 3690 esse
791 3631 979 3712 potentem,

79 3743 154 3810 illum
167 3747 351 3833 aspecturi,
363 3745 453 3809 claro
470 3745 527 3830 qui
540 3741 665 3806 incedit
679 3741 824 3813 honore,

80 3857 130 3942 ipsi
143 3883 177 3925 se
190 3863 225 3926 in
242 3860 389 3926 tenebris
403 3859 495 3925 volvi
510 3877 681 3942 caenoque
696 3861 896 3941 queruntur.

81 3975 232 4040 intereunt
246 3975 366 4061 partim
380 3981 563 4039 statuarum
580 3977 615 4036 et
627 3970 774 4034 nominis'
784 3989 879 4053 ergo.

83 4097 109 4148 et
121 4109 216 4178 saepe
230 4089 456 4174 usqueadeo,
467 4087 584 4151 mortis
600 4081 794 4158 formidine,
805 4082 892 4146 vitae

87 4366 111 4412 5³
127 4363 219 4421 lnl'eria
236 4370 246 4436 ll
267 4375 299 4421 58
317 4367 465 4420 Eliciuntur
483 4367 494 4435 ll
512 4370 688 4419 etmalorum.
707 4361 717 4428 ll
736 4375 853 4412 manere.
872 4359 883 4426 ΙΙ
902 4363 933 4410 62
952 4358 1063 4417 laboro„
1076 4355 1086 4425 ΙΙ
1106 4358 1138 4404 ull
1157 4351 1197 4404 vi·

86 4441 163 4502 detur.
181 4453 191 4519 ll
210 4458 241 4503 72
261 4450 369 4505 fratres.
388 4451 399 4518 ll
418 4455 451 4503 78
469 4456 567 4503 statum

976 4539 996 4598 (l
