2946 5188
267 474 312 542 52
812 475 843 543 ll

264 648 435 734 sanguinis
451 649 606 736 expirans
622 647 763 712 calidum
780 647 822 714 de
837 656 976 734 pectore
990 647 1128 714 flumen:

192 780 241 827 355
263 771 299 828 at
312 772 419 828 mater
433 761 548 827 viridis
563 763 668 827 saltus
683 764 803 828 orbata
816 783 1000 849 peragrans

263 879 373 942 noscit
386 877 477 941 humi
492 876 634 963 pedibus
650 879 788 963 vestigia
801 899 919 962 pressa
932 879 1084 956 bisulcis,

262 993 373 1057 omnia
387 991 563 1056 convisens
578 991 682 1056 oculis
696 991 787 1066 loca,
799 993 827 1056 si
843 1005 945 1078 queat
958 997 1101 1078 usquam

263 1107 456 1194 conspicere
472 1107 626 1170 emissum
640 1107 760 1182 sctum,
773 1107 984 1192 completque
999 1109 1154 1194 querellis

261 1219 480 1286 frondiferum
494 1242 610 1285 nemus
625 1219 811 1296 adsidueis,
827 1230 861 1286 et
875 1222 994 1286 crebra-
1007 1223 1122 1288 revisit

190 1353 238 1400 350
258 1334 302 1399 ad
317 1336 502 1411 stabulum,
514 1333 683 1400 desiderio
698 1336 825 1422 perfixa
839 1337 985 1413 iuvenci,

260 1473 323 1516 nee
337 1459 472 1516 tenerae
486 1451 603 1514 salices
618 1456 720 1535 atque
734 1449 859 1514 herbae
873 1473 950 1516 rore
964 1427 1118 1538 vigentes

209 1575 212 1580 “
260 1566 460 1650 fluminaque
472 1563 528 1628 illa
543 1571 670 1649 queunt
684 1565 817 1628 summis
832 1565 977 1629 labentia
990 1566 1071 1652 ripis

260 1681 429 1746 oblectare
444 1679 586 1742 animum
601 1677 798 1764 solitamque
813 1674 966 1744 avertere
981 1701 1110 1753 curam,

258 1816 322 1859 nec
336 1794 515 1858 vitulorum
532 1793 615 1857 aliae
628 1793 757 1879 species
772 1815 833 1880 per
848 1792 971 1880 pabula
982 1796 1071 1860 laeta

187 1928 235 1975 355
258 1908 410 1974 derivare
425 1915 552 1993 queunt
567 1909 708 1973 animum
724 1929 871 1993 curaque
885 1908 1020 1973 levare:

258 2046 365 2111 usque
380 2022 467 2087 adeo
483 2022 641 2108 quiddam
656 2023 828 2109 proprium
842 2029 1024 2108 notumque
1038 2025 1192 2110 requirit.

258 2147 434 2228 praeterea
449 2137 554 2202 teneri
567 2139 715 2202 tremulis
731 2160 804 2202 cum
819 2139 958 2202 vocibus
973 2137 1073 2202 haedi

258 2254 450 2340 cornigeras
463 2261 590 2317 norunt
602 2261 725 2318 matres
736 2303 743 2328 ‚
754 2253 896 2338 agnique
911 2253 1036 2338 petulci

255 2371 425 2436 balantum
440 2365 605 2454 pecudes:
618 2369 681 2444 ita,
695 2365 787 2452 quod
802 2375 923 2432 natura
937 2369 1102 2456 reposcit2

184 2503 233 2550 370
255 2485 299 2549 ad
313 2507 373 2548 sua
387 2483 528 2568 quisque
543 2482 613 2546 fere
629 2480 812 2544 decurrunt
824 2482 929 2546 ubera
944 2483 1054 2546 lactis.

255 2605 425 2685 postremo
442 2596 585 2681 quodvis
600 2595 799 2660 frumentum
814 2604 1008 2660 nontamen
1023 2618 1119 2661 omne

255 2711 379 2797 quique
393 2733 455 2774 suo
470 2731 592 2796 genere
607 2711 696 2774 inter
711 2729 747 2772 se
762 2709 867 2773 simile
882 2732 955 2773 esse
972 2711 1117 2787 videbis,

242 2805 335 2912 ⁸quin
349 2827 550 2890 intercurrat
564 2823 726 2911 quaedam
743 2823 901 2889 distantia
914 2824 1045 2889 formis.

255 2941 525 3024 concharumque
540 2959 644 3026 genus
659 2939 755 3025 parili
769 2941 899 3004 ratione
912 2939 1064 3005 videmus
1140 2991 1150 3030 ¹.

182 3073 230 3120 ³75
250 3057 390 3143 'pingere
404 3055 532 3120 telluris
546 3055 801 3140 gremiumque
816 3056 969 3120 mollibus
983 3055 1084 3120 undis

252 3171 358 3236 litoris
372 3171 499 3235 incurvi
513 3169 658 3234 bibulam
673 3170 766 3254 pavit
779 3191 907 3255 aequor
919 3170 1095 3234 harenam.

253 3261 356 3370 qnare
372 3286 470 3349 etiam
485 3293 586 3367 atque
603 3285 699 3347 etiam
716 3284 811 3348 simili
825 3285 955 3348 ratione
968 3297 1156 3362 necessest,

251 3408 372 3463 natura
387 3399 542 3484 quoniam
559 3404 717 3463 constant
729 3417 840 3481 neque
854 3398 945 3463 facta
958 3421 1057 3464 manu
1073 3410 1153 3465 sunt

251 3515 349 3578 unius
364 3513 408 3578 ad
423 3521 545 3577 certam
561 3510 700 3575 formem
715 3511 896 3596 primordia
909 3535 1036 3589 rerum,

180 3645 228 3693 ³80
251 3627 400 3693 dissimili
413 3629 501 3691 inter
517 3647 553 3690 se
568 3624 732 3710 quaedam
747 3626 886 3691 volitare
900 3629 1022 3714 figura.

291 3743 454 3807 Perfacile
470 3749 522 3806 est
537 3741 594 3805 tali
607 3741 738 3804 ratione
754 3742 929 3807 exsolvere
943 3744 1041 3808 nobis

250 3877 354 3942 quare
368 3856 543 3921 fulmineus
557 3855 661 3920 multo
676 3857 879 3940 penetralior
893 3859 979 3944 ignis

253 3993 352 4056 quam
367 3979 484 4037 noster
496 3971 568 4037 fuat
584 3993 601 4035 e
616 3969 726 4036 taedis
740 3973 955 4038 terrestribus
970 3980 1080 4038 ortus:

250 4292 298 4339 354
317 4285 438 4339 callidum
459 4286 468 4355 ll
487 4291 536 4336 356
554 4285 676 4356 Nonquit
694 4286 704 4355 ΙΙ
723 4293 772 4340 358
791 4288 922 4341 adsittens
942 4295 968 4341 ct
985 4288 1078 4342 revisit
1096 4289 1201 4343 crebra.
1225 4291 1236 4358 Η
1260 4295 1310 4342 363
1331 4310 1381 4346 su-

246 4370 379 4440 bitamque
402 4371 412 4438 ΙΙ
437 4374 485 4422 371
505 4367 626 4438 quodviis
650 4371 659 4439 ll
684 4375 732 4424 373
753 4371 876 4440 Quidque
898 4371 908 4439 ll
932 4375 979 4423 381
999 4373 1077 4425 animi
1100 4373 1110 4441 ΙΙ
1135 4378 1183 4426 383
1203 4374 1276 4444 igne.
1296 4376 1306 4444 ll
1327 4381 1380 4428 383
1464 4396 1468 4412 ¹

246 4453 310 4506 lluat
