2946 5188
634 446 649 513 I

63 619 148 680 scire
164 617 251 681 licet
265 639 332 683 non
348 639 423 682 esse
437 617 521 682 haec
535 619 632 704 ignea
648 640 791 704 corpora
805 641 930 685 rerum.

21 749 42 794 to
62 731 106 794 nil
119 731 271 800 referret
286 733 371 795 enim
386 731 549 822 quaedam
564 731 745 809 decedere,
757 735 863 811 abire,

63 855 164 930 atque
179 845 251 909 alio
267 845 430 922 adtribui,
441 847 628 932 mutarique
643 847 761 912 ordine
777 849 955 933 quaedam,

65 960 91 1022 si
106 967 223 1024 tamen
240 959 372 1024 ardoris
385 969 538 1026 naturam
554 969 675 1026 cuncta
689 970 857 1028 tenerent:

65 1074 147 1159 ignis
163 1075 256 1138 enim
271 1073 361 1138 foret
375 1075 571 1140 omnimodis
587 1075 836 1161 quodcumque
851 1085 1020 1143 crearent.

65 1207 177 1250 verum
189 1238 197 1264 ‚
208 1197 250 1253 ut
265 1189 401 1274 opinor,
413 1191 510 1254 itast:
523 1197 602 1256 sunt
615 1189 780 1275 quaedam
795 1214 954 1278 corpora,
967 1215 1108 1278 quorum
1193 1205 1197 1212 '

21 1319 46 1362 st
66 1323 253 1368 concursus
267 1310 379 1368 motus
394 1301 480 1367 ordo
496 1305 648 1389 positura
661 1305 787 1391 figurae
927 1291 928 1296 ἵ

68 1415 214 1480 efficiunt
228 1417 315 1502 ignis
325 1465 332 1491 ‚
343 1425 539 1503 mutatoque
554 1417 672 1482 ordine
686 1427 818 1483 mutant

68 1537 236 1606 naturam,
248 1553 358 1616 neque
373 1543 452 1596 sunt
465 1532 533 1618 igni
548 1532 701 1630 simulata
714 1554 823 1617 neque
837 1533 894 1598 ulli

71 1635 245 1728 praeterea
259 1645 308 1710 rei
323 1666 408 1730 quae
423 1667 568 1732 corpora
581 1647 711 1710 mittere
725 1647 835 1734 possit

71 1759 220 1823 sensibus
237 1767 272 1823 et
285 1769 422 1825 nostros
436 1759 568 1824 adiectu
582 1768 720 1846 tangere
735 1768 861 1826 tuctus.

21 1885 54 1930 tm
107 1873 228 1938 Dicere
243 1895 348 1960 porro
362 1875 471 1960 ignem
486 1896 540 1939 res
555 1875 661 1938 omnir
678 1897 751 1938 esse
761 1925 769 1953 ‚
781 1897 890 1961 neque
905 1876 1003 1940 ullam

72 2007 135 2050 rem
149 2011 264 2053 veram
278 1989 313 2051 in
326 2009 464 2052 numero
479 2010 588 2053 rerum
603 1997 758 2054 constare
773 1988 836 2053 nisi
849 1989 973 2075 ignem,

75 2101 158 2183 quod
171 2102 254 2168 facit
268 2103 324 2166 hio
337 2101 423 2166 idem
434 2152 442 2178 ‚
453 2102 654 2189 perdelirum
670 2125 743 2168 esse
757 2102 903 2168 videtur.

74 2235 140 2278 nam
155 2227 277 2282 contra
291 2239 410 2282 sensus
425 2217 467 2280 ab
483 2219 635 2282 sensibus
649 2219 721 2304 ipse
736 2225 915 2302 repugnat,

77 2340 104 2390 et
116 2329 297 2396 labefactat
312 2353 370 2396 eos
380 2381 387 2407 ‚
398 2331 487 2395 unde
503 2331 613 2394 omnia
627 2330 754 2394 credita
768 2329 932 2416 pendent,

24 2453 58 2498 et
76 2441 155 2508 unde
168 2444 225 2510 hic
241 2446 396 2530 cognitus
412 2451 464 2508 est
477 2444 542 2530 ipsi
557 2465 656 2529 quem
670 2445 819 2509 nominat
831 2445 954 2530 ignem:

77 2555 274 2623 creditenim
290 2579 409 2623 sensus
422 2559 532 2645 ignem
547 2579 752 2644 cognoscere
767 2580 860 2632 vere,

78 2679 177 2736 cetera
189 2695 261 2738 non
276 2673 400 2746 credit,
412 2693 497 2758 quae
510 2674 578 2738 nilo
594 2673 684 2738 clara
698 2673 805 2736 minus
820 2681 912 2738 sunt.

79 2785 159 2866 quod
174 2788 255 2852 mihi
270 2809 344 2852 oum
359 2807 480 2851 vanum
495 2797 565 2852 tum
581 2786 719 2852 delirum
734 2809 809 2851 esse
823 2787 969 2853 videtur:

81 2917 137 2978 quo
150 2902 331 2967 referemus
347 2901 456 2964 enim?
468 2901 549 2986 quid
563 2903 661 2966 nobis
676 2903 799 2966 certius
814 2903 895 2988 ipsis

29 3019 64 3062 ³¹³·
81 3015 221 3082 sensibus
236 3038 311 3081 esse
325 3023 456 3101 potest,
469 3017 620 3114 quinvera
634 3037 674 3079 ac
688 3014 772 3079 falsa
786 3017 962 3080 notemus?

81 3137 241 3206 praeterea
255 3151 358 3216 quare
374 3131 548 3216 quisquam
566 3129 669 3214 magis
686 3129 796 3191 omnia
811 3126 905 3191 tollat

83 3245 110 3300 et
122 3243 194 3310 velit
209 3243 341 3310 ardoris
351 3253 504 3309 naturam
517 3243 668 3328 linquere
683 3242 803 3316 solam,

83 3371 165 3434 quam
179 3367 280 3444 neget
295 3380 369 3423 esse
382 3359 485 3444 ignis,
497 3356 631 3444 quidvis
645 3365 756 3422 tamen
772 3377 846 3421 esse
859 3355 1049 3448 relinquat?

83 3483 173 3552 aequa
186 3470 321 3538 videtur
335 3473 420 3536 enim
435 3471 601 3536 dementia
615 3471 725 3536 dicere
740 3479 932 3555 utrumque.

36 3581 66 3628 πθ
116 3581 336 3673 Quapropter
351 3587 408 3671 qui
421 3587 590 3651 materiem
605 3607 714 3651 rerum
729 3607 803 3650 esse
818 3593 980 3671 putarunt

84 3689 175 3776 ignem
188 3709 291 3786 atque
307 3723 349 3764 ex
362 3701 430 3786 igni
445 3723 604 3766 summam
619 3701 802 3764 consistere
816 3720 933 3786 posse,

86 3813 172 3893 etqui
186 3816 382 3900 principium
396 3814 574 3902 gignundis
589 3821 667 3878 abra
681 3814 783 3877 rebus

86 3927 289 4004 constituere,
301 3937 359 3994 aut
373 3951 521 3993 umorem
536 3929 593 4014 qui
608 3949 748 4012 cumque
762 3935 924 4015 putarunt

87 4030 190 4121 fingere
205 4064 260 4107 res
273 4044 382 4129 ipsum
395 4065 457 4130 per
472 4065 525 4118 se,
538 4049 702 4106 terramve
718 4063 831 4106 creare

88 4313 127 4362 ‘³⁸0
142 4317 300 4374 descendere
326 4323 337 4389 Η
364 4327 413 4373 683
432 4331 556 4376 cremet..
574 4325 584 4388 {t
612 4327 661 4374 690
680 4322 799 4390 iqueneui
829 4321 838 4388 Η
864 4327 912 4373 est
932 4317 1089 4372 iarbesartat
1110 4317 1120 4383 ΙΙ
1144 4321 1193 4368 toa

89 4394 172 4456 ¹iuidvis
189 4412 323 4459 mausum.
342 4405 351 4472 Η
371 4410 420 4457 708
439 4413 577 4475 putantur.
