2970 5268
264 405 332 474 140
793 405 856 472 1111

258 578 326 643 hoe
339 577 416 642 ideo
432 577 503 641 fieri
518 577 609 662 cogit
623 584 759 653 natura,
773 576 866 662 quod
884 597 999 641 omnes
1069 624 1077 636 .

260 693 411 778 eorporis
427 691 538 755 offecti
552 712 670 755 sensus
684 712 746 776 per
760 691 909 755 membra
924 691 1101 776 quiescunt

258 828 321 872 nec
335 814 479 891 possunt
492 804 612 870 falsum
626 805 714 868 veris
729 805 927 869 convincere
942 805 1057 869 rebus.

187 939 237 986 7e5
258 927 433 1008 praeterea
447 919 633 983 meminisse
647 919 735 982 iacet
747 918 1107 1004 languetquesopcre,

258 1057 321 1100 nec
336 1033 491 1098 dissentit
506 1053 579 1097 eum
594 1033 710 1096 mortis
724 1032 850 1118 letique
864 1031 1008 1117 potitum

257 1150 324 1213 iem
337 1146 483 1234 pridem,
494 1167 592 1232 quem
606 1168 699 1211 mens
714 1147 826 1211 vivom
841 1167 1030 1210 secernere
1045 1146 1166 1212 credit.

260 1261 354 1348 qnod
367 1283 469 1347 super
484 1268 552 1334 est,
564 1283 632 1326 non
648 1269 698 1324 est
712 1261 829 1324 mirum
843 1260 1019 1325 simulacra
1033 1262 1158 1325 moveri

256 1375 482 1462 bracchiaque
495 1375 530 1439 in
544 1396 715 1439 numerum
730 1375 855 1438 iactare
871 1383 906 1439 et
921 1383 1033 1439 cetera
1046 1376 1207 1440 membra.

187 1507 236 1554 770
257 1512 333 1554 nam
346 1490 384 1554 fit
397 1498 436 1554 ut
449 1491 484 1552 in
497 1491 620 1553 somnis
635 1487 745 1552 facere
759 1487 826 1551 hoc
841 1486 996 1552 videatur
1009 1489 1134 1574 imago:

259 1605 382 1690 quippe
392 1651 400 1678 ‚
412 1604 469 1668 ubi
482 1603 589 1688 prima
602 1603 689 1688 perit
703 1602 835 1686 alioque
851 1610 903 1666 est
917 1601 1023 1667 altera
1036 1611 1115 1668 neta

256 1718 335 1782 inde
350 1725 457 1792 statu,
467 1717 560 1805 prior
574 1717 629 1780 hic
644 1723 774 1802 gestum
789 1723 936 1780 mutasse
949 1715 1100 1781 videtur.

257 1832 400 1908 scilicet,
411 1830 446 1894 id
459 1830 532 1895 fieri
547 1831 645 1895 celeri
658 1830 789 1894 ratione
803 1829 1037 1916 putandumst:

257 1953 352 2012 tenta
366 1953 419 2011 est
431 1945 596 2010 mobilitas
613 1953 646 2009 et
659 1965 770 2008 rerum
786 1944 883 2031 copia
897 1952 1007 2020 tanta,

183 2079 232 2124 775
254 2067 414 2145 tantaque
429 2059 577 2124 sensibili
591 2060 711 2144 quovis
726 2065 779 2124 est
793 2066 943 2145 tempore
958 2058 992 2122 in
1006 2080 1074 2142 unc

255 2175 354 2263 eopia
367 2173 621 2260 particularum,
632 2181 671 2237 ut
684 2173 793 2258 possit
807 2171 1038 2260 suppeditare.

297 2289 489 2374 [Multaque
502 2289 536 2352 in
551 2288 603 2352 his
617 2265 718 2352 rebirs
733 2297 939 2372 quaeruntur
949 2337 957 2363 ‚
967 2287 1137 2373 multaque
1151 2290 1248 2354 nobis
1263 2283 1266 2288 “

256 2401 498 2477 clerandumst‚
509 2403 607 2490 plane
622 2402 650 2465 si
664 2422 718 2464 res
734 2421 902 2487 exponere
917 2422 1066 2466 avemus.

255 2517 427 2602 quaeritur
440 2518 474 2581 in
489 2516 602 2602 primis
618 2535 738 2599 quere,
751 2514 844 2599 quod
858 2517 977 2602 cuique
991 2515 1095 2581 libido

182 2648 231 2696 7oo
252 2630 399 2706 venerit,
412 2629 578 2713 extemplo
592 2649 684 2692 mens
700 2628 826 2713 cogitet
840 2630 910 2694 eius
925 2630 961 2695 id
975 2632 1097 2718 ipsum.

195 2760 198 2766 ·
254 2765 339 2809 anne
353 2745 560 2810 voluntatem
573 2750 725 2808 nostram
739 2742 915 2808 simulacra
928 2751 1081 2818 tuentur,

254 2869 289 2925 et
302 2860 398 2925 simul
412 2881 452 2924 ac
466 2859 618 2924 volumus
634 2859 729 2923 nobis
745 2859 893 2923 occurrit
905 2859 1038 2946 imago?

182 2991 231 3038 795
254 2974 347 3060 quod
362 2974 522 3039 sentimus
536 2973 572 3038 id
587 2982 658 3050 est,
669 2995 743 3037 cum
757 2995 826 3037 vox
841 2974 1000 3039 emittitur
1015 2996 1098 3050 una,

182 3104 230 3151 777
252 3089 280 3152 si
295 3111 384 3153 mare
394 3137 401 3164 ‚
413 3090 441 3152 si
455 3097 578 3154 terram
594 3088 738 3162 condiat,
749 3089 777 3150 si
794 3087 938 3173 denique
954 3089 1104 3154 caelum?

254 3209 439 3266 conventus
453 3203 638 3276 hominum,
649 3223 824 3288 pompam,
836 3203 1006 3278 convivia,
1018 3223 1163 3290 pugnas,

179 3333 229 3380 785
251 3314 361 3380 omnia
374 3315 436 3378 sub
451 3317 599 3380 verbone
613 3323 706 3379 creat
720 3323 840 3378 natura
854 3315 1046 3400 paretque?

253 3451 328 3494 cum
342 3429 538 3514 praesertim
552 3428 623 3491 aliis
639 3426 755 3490 eadem
770 3428 804 3490 in
817 3429 953 3513 regione
967 3428 1111 3515 locoque

251 3543 352 3629 longe
368 3541 534 3605 dissimilis
549 3542 676 3605 animus
691 3562 746 3604 res
761 3542 888 3626 cogitet
903 3543 1026 3607 omnis.

192 3659 199 3672 '
253 3655 335 3741 qnid
349 3656 514 3742 porr0,in
529 3676 699 3719 numerum
715 3654 900 3740 procedere
916 3679 989 3722 cum
1005 3659 1179 3726 simulacra

253 3772 418 3836 cernimus
432 3771 466 3834 in
481 3771 604 3836 somnis
620 3779 655 3833 et
667 3769 780 3833 mollia
793 3773 940 3850 membra
953 3794 1103 3846 movere,

180 3903 230 3950 777
252 3885 381 3964 mollia,
391 3885 555 3952 mobiliter
571 3907 644 3950 cum
659 3884 796 3949 alternis
812 3885 969 3950 bracchia
983 3889 1118 3954 mittunt

254 4007 289 4066 et
303 4001 453 4066 referunt
468 4001 572 4065 oculis
587 4008 717 4087 gestum
734 3999 820 4087 pede
837 4001 1067 4067 convenienti?

252 4117 395 4194 scilicet,
406 4124 479 4181 arte
494 4114 630 4180 madent
645 4115 820 4181 simulacra
835 4124 869 4179 et
884 4114 985 4180 doctu
999 4125 1181 4203 vagantur,

255 4363 426 4432 7761171777.
446 4361 456 4428 11
476 4369 523 4416 795
544 4362 731 4418 Consentinum
751 4364 760 4430 11
780 4369 827 4416 791
848 4372 971 4434 repetunt
