2946 5188
638 513 652 580 l

57 695 257 762 uvescunt‚
269 685 406 751 eaedem
421 685 599 772 dispansae
613 686 647 750 in
663 685 734 751 sole
748 697 937 753 senescunt.

58 813 96 866 at
111 823 235 888 neque
251 822 318 887 quo
333 808 435 887 pacto
449 799 638 886 persederit
651 821 747 864 umor
761 804 859 886 aquei

59 919 231 990 visumst,
242 937 306 980 nec
320 936 451 980 rursum
468 937 535 1000 quo
550 924 650 1001 pacto
665 916 788 1001 sugerit
801 925 911 982 aestu.

59 1031 93 1094 in
109 1053 245 1118 parvas
259 1031 360 1116 igitur
373 1031 481 1117 partis
496 1029 698 1116 dispergitur
710 1051 820 1106 umor,

14 1162 38 1206 m
60 1167 150 1229 quas
167 1147 261 1210 oculi
275 1146 366 1222 nulla
380 1151 524 1230 possunt
537 1146 667 1210 ratione
681 1144 811 1210 videre.

61 1261 144 1345 quin
162 1261 268 1324 etiam
282 1260 394 1325 multis
409 1259 489 1323 solis
503 1258 723 1324 redeuntibus
738 1261 833 1326 aunis

62 1375 190 1438 anulus
205 1376 240 1438 in
256 1373 361 1460 digito
376 1373 493 1438 subter
505 1382 663 1439 tenuatur
677 1374 852 1451 htbcndo,
924 1425 926 1433 ,

63 1487 204 1553 stilicidi
220 1509 320 1553 casus
334 1487 478 1575 lapidem
494 1496 608 1566 cavat,
618 1509 725 1554 uncus
740 1491 842 1554 aratri

62 1603 198 1668 ferreus
214 1604 347 1669 occulte
363 1603 528 1668 decrescit
541 1623 656 1668 vomer
668 1604 703 1667 in
718 1604 825 1678 arvis,

13 1735 43 1778 γιδ
64 1725 245 1804 strataque
261 1719 324 1782 iam
339 1718 429 1804 volgi
444 1717 586 1804 pedibus
602 1715 725 1783 detrita
737 1720 864 1784 v'iarum

64 1853 171 1896 saxea
186 1833 428 1920 conspicimus:
440 1841 526 1906 tum,
538 1839 656 1919 portas
669 1842 828 1918 propter,
838 1841 936 1926 aina·

66 1948 163 2032 signa
176 1968 297 2012 manus
312 1947 449 2012 dextras
464 1945 647 2011 ostendunt
660 1943 834 2013 adtenuari

67 2082 169 2149 saepe
185 2063 390 2127 salutantum
404 2070 497 2127 tactu
512 2070 713 2147 praeterque
726 2071 910 2126 meantum.

67 2175 151 2240 haec
164 2177 267 2263 igitur
281 2175 398 2252 minui,
410 2197 484 2240 cum
500 2177 566 2242 sint
581 2175 721 2251 detrita,
731 2175 901 2241 videmus:

13 2303 49 2348 lu·
70 2289 128 2354 sed
144 2312 234 2378 quae
249 2311 394 2378 corpora
408 2289 576 2355 decedant
588 2292 624 2354 in
638 2301 789 2377 tempore
804 2311 955 2374 quoque,

70 2404 181 2470 invida
195 2405 379 2492 praeclusit
393 2407 537 2493 spatium
551 2411 673 2468 natura
685 2403 837 2468 videndi.

70 2527 241 2603 postremo
258 2541 344 2607 quae
359 2541 501 2606 cumque
516 2519 588 2584 dies
603 2525 788 2605 naturaque
802 2519 904 2583 rebus

71 2634 229 2718 paulatim
244 2635 379 2711 tribuit,
389 2633 584 2700 moderatim
600 2654 752 2699 crescere
767 2653 909 2719 cogens,

73 2749 159 2813 nulla
176 2757 291 2836 potest
306 2750 477 2815 oculorum
492 2750 581 2814 acies
597 2755 754 2814 contenta
768 2748 869 2823 tueri,

17 2873 54 2918 aas
72 2883 129 2926 nec
136 2885 249 2951 porro
266 2885 352 2951 quac
368 2885 507 2950 cumque
523 2869 606 2928 a'evo
621 2864 793 2946 macieque
807 2871 1001 2927 sanescunt:

74 2997 147 3054 nec,
158 2999 251 3044 mare
267 2999 353 3064 quae
367 2978 568 3065 inpendent,
580 2999 681 3042 vesco
696 2977 766 3040 sale
780 2995 862 3040 saxa
877 2997 997 3060 peresa

76 3091 149 3174 quid
166 3090 302 3178 quo'que
317 3093 472 3156 amittant
485 3093 519 3154 in
534 3099 685 3175 tempore
701 3109 838 3152 cernere
852 3089 978 3175 possis.

75 3207 269 3294 corporibus
284 3207 392 3270 caecis
406 3205 505 3291 igitur
523 3211 644 3267 natura
657 3203 745 3289 gerit
757 3223 829 3266 res.

111 3319 183 3386 Nec
197 3330 309 3385 tamen
323 3319 471 3404 undique
487 3338 652 3405 corporea
665 3317 789 3402 stipata
802 3323 959 3381 tenentur

22 3440 58 3486 aaa
76 3437 177 3500 omnia
190 3442 327 3500 natura:
337 3455 480 3520 namque
495 3442 548 3498 est
560 3433 595 3496 in
608 3432 710 3497 rebus
724 3433 836 3496 inane.

78 3549 162 3631 quod
178 3549 237 3614 tibi
253 3571 417 3635 cognosse
432 3547 465 3613 in
480 3548 591 3611 multis
608 3547 671 3611 erit
684 3545 764 3609 utile
778 3546 895 3620 nebda,

78 3681 132 3726 nec
146 3665 235 3728 sinet
249 3671 414 3728 errantem
429 3661 583 3726 dubitare
598 3670 632 3725 et
648 3680 808 3746 quaerere
823 3679 954 3745 semper

78 3771 114 3836 de
128 3799 254 3842 summa
267 3749 377 3842 rerum
393 3785 427 3840 et
441 3777 567 3840 nostris
583 3774 735 3838 diffidere
750 3773 863 3837 dictis.

27 3893 60 3940 23³
79 3890 162 3971 quod
177 3893 205 3956 si
220 3913 289 3956 non
305 3901 410 3965 esset,
421 3891 512 3954 nulla
527 3891 656 3953 ratione
671 3871 797 3952 moveri

78 4022 124 4066 res
138 4011 295 4092 possent:
308 4025 450 4091 namque
465 4003 610 4068 officium
625 4002 718 4088 quod
732 4001 885 4088 corporis
901 4007 1026 4074 exstat,

80 4115 203 4184 officere
217 4126 320 4203 atque
335 4119 488 4194 obstare,
500 4117 536 4181 id
550 4119 584 4182 in
599 4117 851 4200 omnitempore
867 4113 1003 4179 adesset
1109 4155 1113 4162 -

80 4297 269 4312 ‘Qu—...nnan—

82 4397 120 4446 321
142 4398 294 4468 praecluset
312 4397 427 4468 speciem
456 4397 466 4464 ΙΙ
494 4403 542 4449 334
569 4396 628 4460 Qua
645 4403 755 4466 propter
772 4393 847 4446 locus
865 4401 906 4446 est
924 4393 1038 4446 intactus
1056 4392 1132 4444 inane
1151 4407 1195 4442 va-

81 4491 196 4550 canaque.
