3034 5198
273 465 457 574 ec'
821 501 835 569 1

273 699 373 742 versu
394 677 490 738 ritni's
512 671 692 740 dicendum
714 695 788 740 esse
811 675 943 740 docebo
966 674 1010 739 ad
1033 675 1154 742 librum
1177 699 1225 752 ιιι,
1235 675 1296 742 374
1321 727 1327 741 .
1351 679 1386 742 in

170 829 173 836 .
272 773 606 840 instisPraenestinis
617 771 756 837 Verrius
764 772 907 838 Flaccus
917 774 1018 838 semel
1029 795 1072 837 ιν.
1083 773 1201 840 k.Mai.
1211 775 1386 844 dedicated.

272 876 306 936 in
320 871 438 935 iisdem
454 890 555 954 saepe
571 871 709 934 dedicata
724 883 767 936 ert
784 921 792 934 .
815 871 938 936 Festus
952 893 984 957 p.
994 871 1091 947 3341
1106 872 1274 936 Verrione
1289 893 1332 937 an
1348 893 1385 936 se

273 980 413 1034 auctore
426 967 601 1054 scripserit
610 980 846 1054 praetermeant
860 1017 868 1045 ‚
889 970 946 1033 rix
962 968 1042 1032 licet
1056 989 1220 1053 quaerere
1239 1019 1245 1033 .
1267 971 1302 1036 iu
1316 970 1384 1034 Lu-

273 1067 337 1132 cilii
358 1065 540 1140 versibus,
565 1067 622 1151 qui
644 1075 723 1130 sunt
744 1066 837 1151 apud
858 1065 1004 1132 Nonium
1026 1087 1059 1152 p.
1068 1067 1097 1145 2,
1106 1067 1147 1131 ‘29
1168 1077 1386 1133 monstruose
1465 1085 1469 1100 ·

272 1165 439 1252 corrupti,
451 1175 603 1230 monstra
616 1164 691 1248 ipss
705 1175 748 1228 est
757 1164 866 1229 vocali
878 1185 940 1230 sua
950 1173 1143 1230 truncatum
1153 1165 1259 1230 fuisse
1270 1173 1385 1232 osten·

255 1271 261 1280 '
273 1263 359 1328 dunt
373 1311 380 1338 ‚
398 1263 434 1327 In
447 1285 573 1328 nnnnro
586 1285 716 1350 quonam
730 1285 812 1328 ranno
821 1265 936 1349 prirntt'
955 1263 1112 1328 trebellin
1125 1265 1244 1328 multost
1258 1264 1386 1328 Lecin':

271 1385 345 1426 nmen
365 1373 455 1424 sanct
466 1361 567 1449 febris
585 1408 594 1440 ,
614 1362 731 1423 anderrn
741 1409 749 1438 ‚
764 1363 926 1440 cornitmn,
936 1385 1027 1446 pets:
1051 1360 1127 1426 libri
1150 1362 1235 1426 enim
1255 1360 1386 1427 habent

270 1460 379 1522 maltos
398 1457 477 1522 Titos
492 1459 607 1522 [accior
619 1459 791 1521 corradini
797 1459 916 1544 feben.
930 1458 1021 1522 idem
1035 1458 1182 1524 Lucilius
1197 1459 1289 1545 spud
1304 1479 1385 1522 eun-

273 1557 348 1622 dem
363 1577 395 1640 p.
407 1555 486 1628 78,9
507 1556 603 1618 omnis
621 1557 654 1618 in
668 1557 834 1622 renastRec
855 1555 970 1620 dornint'
989 1556 1105 1641 ὸιιῐριι,
1125 1558 1218 1643 daha
1237 1555 1313 1620 daec
1332 1558 1383 1622 de·

270 1657 369 1719 innota
384 1655 496 1716 lacerto
510 1663 575 1732 θείς
594 1653 652 1717 ubi
672 1652 749 1716 libri
763 1655 795 1715 in
809 1655 941 1717 estosed
954 1653 1123 1718 hominibus
1137 1655 1229 1740 belga
1243 1655 1318 1718 laec
1331 1656 1383 1718 de-

269 1755 370 1816 vincta
390 1761 469 1812 certo
489 1760 532 1812 est
550 1797 557 1812 .
578 1750 614 1812 in
630 1749 801 1814 Ciceronis
816 1750 1040 1815 accusationis
1061 1751 1146 1815 libro
1170 1775 1192 1825 ι,
1204 1752 1262 1816 153
1281 1753 1383 1816 scribi

272 1849 375 1914 debet
397 1849 547 1911 cornrnnni
562 1849 721 1932 pracsidio
742 1849 811 1912 tales
831 1849 998 1934 inprobitas
1015 1859 1171 1935 torrrqnom
1192 1851 1318 1936 clipreod
1335 1852 1382 1914 in·

272 1949 409 2012 casdim
430 1945 726 2028 restinpnmdcnnt,
750 1945 829 2028 quie
852 1943 1036 2010 Vaticanus
1058 1967 1090 2030 p.
1105 1947 1167 2011 410
1189 1947 1257 2010 Mai
1279 1945 1383 2012 hebet

271 2043 514 2128 reetiapumdnm
527 2042 565 2104 sit
581 2067 591 2104 .·
609 2041 711 2127 vulgo
727 2042 835 2106 minus
850 2040 1021 2127 eleganter
1039 2046 1252 2130 restinguenda
1266 2058 1308 2110 est
1323 2092 1331 2107 .
1347 2047 1381 2110 in

272 2141 413 2226 Vergilii
434 2139 615 2226 georgicon
638 2161 673 2212 ιι,
681 2137 742 2202 272
770 2139 905 2224 legebat
930 2141 1085 2206 moltmmt
1108 2141 1222 2206 Velius
1242 2143 1381 2230 Longus

271 2263 302 2326 p.
312 2239 395 2304 2238
410 2287 416 2300 .
439 2237 603 2301 Horatius
623 2237 658 2299 in
680 2236 825 2301 carmine
845 2237 1010 2302 saeculari
1025 2245 1061 2302 et
1073 2240 1109 2304 in
1125 2247 1247 2325 quarto
1262 2242 1382 2305 carmi·

269 2359 348 2402 num
369 2337 456 2400 libro
475 2334 595 2422 longas
615 2335 751 2400 vocales
771 2357 840 2399 non
856 2337 967 2402 elisit:
987 2357 1068 2423 ergo
1090 2339 1125 2402 in
1145 2338 1244 2404 huius
1264 2340 1381 2426 ecloga

270 2437 370 2501 tertie
383 2433 521 2517 scripsit
540 2435 646 2496 Totum
660 2438 794 2498 vetrenere
807 2435 864 2498 tec
877 2437 960 2514 tedet,
969 2455 1038 2499 non
1052 2439 1097 2500 tei
1111 2449 1173 2502 ert.
1189 2446 1224 2502 et
1239 2439 1381 2522 protulit

270 2533 341 2597 eins
355 2531 448 2595 modi
461 2551 531 2592 nou
544 2529 636 2593 nulls
646 2528 792 2595 Orellius
804 2553 823 2596 e
835 2533 952 2597 codice
963 2533 1126 2599 Beruensi
1137 2535 1380 2620 antiquissimo,

269 2637 308 2692 nt
322 2637 460 2714 querelose
468 2675 476 2705 ,
487 2627 603 2703 mantnt,
615 2640 727 2710 ergoet,
739 2632 947 2713 praesentant,
961 2631 996 2694 in
1012 2653 1202 2697 sermonum
1217 2655 1239 2714 r,
1254 2634 1279 2708 l,
1289 2633 1330 2698 59
1345 2645 1381 2698 et

268 2727 303 2790 in
325 2733 397 2789 arte
418 2724 551 2810 poetica
571 2723 632 2788 304
646 2724 708 2788 353
723 2726 785 2790 409
805 2775 811 2788 .
834 2728 867 2790 in
889 2735 1175 2812 pentametrorum
1190 2731 1284 2797 exitu
1298 2730 1379 2797 Ovi·

270 2825 345 2889 dius
361 2822 538 2907 scripsisse
553 2822 724 2910 putandus
739 2831 880 2910 estpars
893 2827 972 2891 torre
992 2831 1100 2892 cncede
1120 2843 1206 2911 east,
1226 2855 1303 2894 cera
1321 2855 1379 2896 nc·

268 2936 337 2988 cote
351 2933 447 2986 meast
453 2971 462 3000 ,
472 2943 563 2984 sacra
578 2922 718 3007 repanda
728 2923 819 3001 riost,
829 2925 912 2988 laesa
917 2925 1028 3013 fiprtrc
1042 2928 1230 3013 nicensem-e
1241 2941 1361 3013 pram!
1368 2978 1378 3008 ‚

266 3045 327 3086 noa
342 3021 483 3085 oderade
492 3021 613 3106 podest,
621 3021 729 3104 pulian
738 3022 869 3106 peoerado
882 3022 1000 3100 mihist,
1011 3045 1124 3107 repexo
1138 3027 1255 3090 rnodost
1266 3053 1279 3110 ‚-
1295 3027 1378 3090 item

268 3119 427 3185 Tibullus
437 3143 498 3184 raon
512 3119 566 3182 riti
581 3119 661 3181 culta
675 3131 808 3198 coornat,
827 3131 934 3204 opertu
948 3121 1137 3206 virnt‚foctn
1151 3124 1263 3199 nnnc,
1269 3125 1380 3210 puello

267 3218 372 3281 meast
386 3264 395 3294 ,
411 3217 496 3280 salec
505 3216 612 3300 puella
627 3217 707 3279 riter
720 3241 732 3297 ,·
748 3215 948 3300 Propertius
963 3217 1070 3281 clausa
1078 3221 1187 3303 petella
1200 3235 1310 3300 enecet,
1320 3224 1379 3288 ille

258 3315 371 3401 ficturo
385 3325 481 3376 meast
495 3361 502 3390 ‚
521 3315 610 3398 siquo
625 3323 705 3375 transt
717 3360 725 3390 ,
738 3315 921 3401 persidicst,
941 3337 1033 3379 caeca
1046 3318 1124 3380 riost
1136 3365 1145 3396 ,
1159 3319 1187 3380 ai
1194 3323 1320 3404 potiare
1333 3323 1378 3385 le·

266 3421 349 3488 vest,
370 3411 402 3472 in
417 3431 521 3472 amore
535 3419 649 3484 ronst,
670 3433 752 3472 eruere
765 3411 840 3473 milri
854 3411 951 3474 dulcis
966 3425 1095 3500 opacet,
1115 3415 1263 3481 invidiosa
1276 3419 1377 3497 deon,

270 3505 467 3590 carpentem
485 3527 572 3569 omne
590 3518 722 3584 urerest,
738 3529 853 3572 ancora
867 3509 949 3574 iacta
962 3511 1064 3575 mitia
1073 3537 1084 3574 .·
1098 3533 1209 3598 neque
1223 3513 1377 3580 Catullus

265 3602 362 3667 aliter
378 3601 491 3666 dicere
506 3602 633 3687 potuit,
646 3603 707 3666 sed
722 3603 859 3688 scripsit
867 3605 1033 3690 pollicitust
1041 3656 1050 3687 ,
1065 3611 1156 3694 calpa
1170 3623 1269 3692 tuest,
1287 3614 1377 3678 derlee

265 3700 388 3778 initiet,
407 3701 570 3780 laetitiam,
591 3700 670 3784 quia
687 3701 722 3764 iu
741 3700 799 3765 illa
819 3707 1022 3786 pentametri
1041 3717 1140 3792 parte
1155 3709 1247 3775 elisio
1260 3710 1376 3775 locum

263 3820 332 3861 non
345 3797 469 3863 babet.
483 3799 597 3882 itaque
612 3797 833 3883 Priapeorum
847 3807 968 3888 poetae
983 3804 1133 3871 similiter
1147 3808 1247 3883 deest,
1260 3819 1375 3888 meoet,

263 3907 343 3960 nest
355 3945 363 3975 ,
374 3899 577 3976 rnerdaceust,
593 3907 626 3961 et
641 3897 806 3962 Martialis
817 3911 932 3980 meast,
947 3912 1047 3980 most,
1063 3903 1163 3968 datast
1174 3953 1184 3986 ,
1193 3907 1306 3991 pilam,
1319 3929 1374 3971 ro·

261 4005 347 4071 acet,
363 3996 459 4074 viaet,
478 4008 598 4075 caecet,
613 3997 732 4083 seruet,
740 3999 859 4084 polest,
868 4011 1004 4084 prae-eet,
1013 4002 1127 4078 bete-rt,
1138 4004 1234 4080 nont,
1244 4004 1374 4080 demost,

263 4087 439 4155 Sardiniam
451 4139 458 4167 ‚
474 4095 658 4179 aetppositost
670 4141 678 4168 ‚
693 4097 898 4182 snrrdcrpilnrt,
909 4099 1075 4174 lectoriam,
1082 4101 1254 4186 primitiam,
1266 4103 1374 4166 ctera·

258 4197 346 4271 praet
360 4234 368 4260 ‚
383 4190 580 4271 pudicitiam,
594 4191 746 4280 difficilest
758 4193 828 4276 (sic
842 4195 943 4278 plane
956 4193 1150 4262 Putecueus
1163 4199 1197 4262 in
1213 4221 1285 4274 xru,
1294 4199 1373 4283 48),

260 4286 401 4359 similest,
418 4289 603 4353 cerdicioet:
628 4297 731 4378 atque
746 4291 864 4354 eadem
879 4293 1010 4358 ratione
1024 4294 1207 4381 Propertio
1223 4299 1374 4386 cogimur

260 4382 455 4450 adscribere
470 4385 645 4475 lroc‚sacta
658 4389 789 4476 nrperbn
803 4391 884 4453 dea’s
899 4391 1119 4474 111‚33,14‚et
1135 4393 1267 4462 Catullo
1276 4399 1373 4484 polli-
1486 4379 1487 4389 ἵ

173 4584 181 4601 ι
226 4540 228 4544 ,
259 4483 341 4546 citc'e
355 4483 403 4556 66,
413 4483 454 4547 34
469 4490 503 4548 et
519 4485 630 4550 Lesbia
650 4498 753 4550 emata
774 4489 865 4551 men’s
879 4487 983 4566 87‚2;
1009 4509 1211 4578 quemquem
1227 4489 1372 4558 Ovidius
