2946 5188
268 484 310 550 16
822 479 843 546 1*

266 677 339 720 esse
353 655 387 718 in
402 654 503 718 rebus
517 653 616 717 inane
632 661 743 718 temen
756 652 883 717 fateare
897 663 1084 718 necessest.

193 790 242 836 400
263 770 434 854 multoque
448 775 624 855 praeterea
640 767 700 833 tibi
714 789 852 853 possum
868 765 1157 832 commemorando

264 891 458 970 argumente
471 882 570 947 iidem
586 881 685 947 dietis
701 881 886 947 conradere
900 883 1040 946 nostris.

264 1020 379 1063 verum
394 999 501 1063 animo
517 999 599 1062 setis
613 996 698 1060 haec
713 997 854 1082 vestigia
868 1017 972 1082 parva
987 997 1099 1082 sagaci

266 1121 360 1188 sunt,
370 1134 431 1199 per
446 1133 531 1197 quae
545 1101 657 1198 possis
672 1132 876 1199 cognoscere
891 1119 1004 1176 cetera
1018 1118 1104 1176 tute:

265 1248 408 1312 namque
423 1248 522 1292 canes
537 1235 575 1292 ut
589 1228 798 1312 montivagae
812 1247 974 1313 persaepe
988 1224 1070 1290 ferei

194 1360 242 1406 405
264 1343 400 1407 naribus
414 1343 588 1407 inveniunt
600 1343 743 1408 intectas
757 1340 879 1408 fronde
894 1341 1039 1428 quietes,

267 1478 341 1520 cum
356 1455 457 1521 semel
470 1457 663 1521 institerunt
677 1457 818 1540 vestigia
833 1464 925 1520 certe
937 1455 1019 1528 viui,

266 1572 315 1634 sic
329 1568 397 1633 alid
412 1591 453 1633 ex
469 1570 533 1633 alio
548 1591 609 1655 per
622 1577 656 1633 te
670 1577 742 1633 tute
755 1570 829 1655 ipse
842 1568 957 1634 videre

268 1685 389 1750 talibus
402 1684 437 1746 iu
451 1684 552 1748 rebus
566 1685 694 1771 poteris
709 1704 894 1768 caecasque
908 1683 1055 1748 latebras

267 1799 434 1862 insinuare
450 1798 556 1886 omnis
571 1807 604 1862 et
619 1819 734 1862 verum
749 1799 947 1886 protrahere
960 1797 1054 1862 inde.

196 1931 244 1976 410
268 1911 361 1998 quod
376 1913 404 1976 si
418 1913 560 1998 pigraris
575 1913 751 2001 paulumve
765 1914 946 1978 recesseris
961 1913 1003 1978 ab
1017 1933 1069 1988 re,

267 2028 333 2092 hoc
348 2027 408 2092 tibi
423 2025 465 2090 de
479 2027 580 2112 plano
596 2049 733 2113 possum
748 2029 958 2114 promittere,
969 2028 1118 2092 Memmi:

267 2163 375 2228 usque
390 2141 476 2206 adeo
491 2142 603 2228 largos
618 2141 759 2208 haustus
776 2143 947 2208 efontibu'
958 2143 1093 2229 magnis,

268 2258 381 2344 lingua
395 2278 469 2322 meo
486 2257 597 2322 suavis
613 2256 675 2323 diti
690 2256 886 2343 depectere
900 2256 1035 2331 fundet,

267 2381 306 2436 ut
320 2393 437 2436 verear
451 2393 494 2436 ne
509 2371 607 2437 tarda
622 2373 714 2458 prius
729 2395 790 2459 per
803 2374 950 2439 membre
965 2381 1121 2438 senectus

117 2496 122 2508 '
197 2505 245 2552 415
269 2494 384 2570 serpat
399 2494 433 2549 et
446 2487 480 2548 in
495 2486 592 2549 nobis
606 2486 686 2549 vitei
701 2487 847 2552 claustra
859 2486 1025 2562 resolvet,
1104 2571 1105 2575 Ἰ

270 2620 369 2684 quam
383 2599 443 2662 tibi
458 2598 500 2662 de
517 2599 634 2684 quavis
647 2618 716 2662 una
729 2621 766 2662 re
780 2601 932 2664 versibus
947 2601 1053 2664 omnis

269 2720 539 2800 argumentorum
554 2713 597 2777 sit
612 2713 709 2798 copie
722 2714 824 2778 missa
838 2735 898 2800 per
912 2714 1015 2778 euris.

312 2827 381 2891 Sed
395 2848 486 2890 nunc
500 2836 538 2891 ut
552 2835 702 2913 repetam
718 2836 873 2913 coeptum
889 2837 1065 2915 pertexere
1081 2829 1195 2906 dictis,

271 2943 395 3020 omnis,
406 2949 444 3006 ut
459 2949 527 3017 est,
537 2942 637 3028 igitur
652 2963 712 3029 per
727 2965 764 3008 se
778 2951 899 3007 nature
913 2942 1043 3008 duabus

198 3074 246 3120 420
269 3057 418 3123 constitit
432 3058 465 3121 in
480 3058 598 3122 rebus:
611 3079 688 3122 nam
703 3079 847 3144 corpora
862 3067 958 3129 sunt,
971 3067 1005 3123 et
1018 3060 1129 3127 inane.

270 3172 354 3238 haec
368 3173 402 3236 in
418 3193 485 3256 quo
501 3173 565 3236 site
579 3179 659 3236 sunt
674 3182 708 3238 et
723 3194 789 3258 qua
804 3173 938 3238 diversa
951 3183 1143 3238 moventur.

271 3308 395 3373 corpus
411 3287 496 3348 enim
509 3307 571 3371 per
585 3307 622 3350 se
638 3287 820 3350 communis
836 3286 971 3352 dedicat
986 3309 1059 3352 esse

273 3419 393 3463 sensus
403 3423 411 3475 ς
423 3399 475 3462 cui
489 3399 553 3462 nisi
567 3400 674 3483 prima
687 3398 771 3463 fides
785 3399 926 3464 fundata
939 3403 1088 3479 valebit„

270 3512 354 3576 haut
368 3513 430 3576 erit
445 3512 584 3576 occultis
600 3512 642 3576 de
659 3513 757 3577 rebus
773 3535 840 3598 quo
855 3514 1040 3581 referentes

201 3643 249 3688 115
273 3627 468 3691 confirmare
483 3627 581 3690 enimi
597 3627 772 3712 quicquam
787 3629 917 3693 ratione
933 3651 1106 3716 queamus.

273 3749 343 3805 tum
357 3762 462 3827 porro
476 3741 572 3806 locus
587 3761 626 3805 ac
641 3742 800 3827 spatium,
812 3744 904 3829 quod
918 3745 1016 3809 inane
1031 3767 1206 3819 vocamus,

272 3856 299 3918 si
316 3855 440 3918 nullum
454 3853 558 3932 foret,
570 3854 652 3920 haut
665 3879 806 3942 usquam
822 3859 887 3924 site
902 3881 1045 3946 corpore
1058 3872 1200 3947 possent

273 3989 349 4033 esse
364 3989 473 4054 neque
489 3972 623 4035 omnino
638 3993 807 4058 quoquam
821 3972 955 4040 diverse
968 3995 1092 4052 meere3

273 4081 309 4147 id
325 4082 417 4168 quod
432 4084 633 4170 iamsupere
647 4086 705 4151 tibi
720 4089 820 4175 paulo
836 4088 1042 4154 ostendimus
1058 4098 1151 4154 ante.

202 4213 252 4260 130
275 4205 449 4284 praeterea
463 4200 508 4262 nil
524 4201 683 4284 estquod
700 4203 810 4286 possis
826 4202 937 4265 dicere
952 4203 994 4266 ab
1010 4205 1098 4266 omni

278 4451 327 4496 not
345 4445 445 4498 serere.
465 4447 475 4514 11
494 4452 540 4497 111
562 4453 643 4515 ptano
662 4446 672 4513 ΙΙ
693 4454 741 4499 412
761 4464 883 4516 mugnus,
902 4448 912 4515 ii
932 4455 980 4499 111
1000 4464 1077 4500 orem·
