2946 5188
262 482 307 552 50
807 483 838 550 ll

259 656 293 720 id
308 656 387 720 facit
402 656 554 742 exiguum
571 655 731 719 clinamen
746 655 983 741 principiorum

260 793 321 835 neo
336 772 472 856 regione
487 771 552 835 loci
568 777 660 835 certa
674 791 736 833 nec
752 777 901 856 tempore
917 779 1024 835 certo.

299 886 372 949 Nec
387 887 512 972 stipata
525 886 629 970 magis
644 883 706 948 suit
719 907 873 970 umquam
888 885 1036 949 materiai

188 1017 242 1092 295·
259 1001 355 1085 copia
368 1021 432 1063 nec
446 1022 549 1085 porro
564 999 743 1064 maioribus
756 998 955 1062 intervallis:

258 1137 334 1178 nam
348 1136 458 1200 neque
473 1114 668 1200 adaugescit
683 1114 861 1199 quicquam
875 1135 985 1198 noque
1001 1111 1133 1198 deperit
1146 1113 1238 1177 inde.

260 1250 325 1314 qua
340 1237 479 1315 propter
494 1251 561 1314 quo
576 1250 664 1291 nunc
678 1229 712 1291 in
728 1235 819 1292 motu
835 1227 1074 1313 principiorum

259 1363 403 1428 corpora
417 1343 555 1418 sunt‚in
571 1342 691 1406 eodem
706 1354 784 1406 ante
799 1351 875 1406 acta
889 1348 999 1405 aetate
1014 1341 1107 1404 fuere
1158 1405 1162 1418 ,

212 1465 215 1478 “
259 1467 293 1522 et
306 1465 386 1544 post
399 1457 484 1519 haec
499 1439 631 1542 s'ernpcr
645 1457 740 1520 simili
753 1458 884 1520 ratione
899 1456 1064 1530 ferentur,

187 1590 235 1636 300
258 1580 291 1636 et
306 1592 391 1656 quae
407 1571 598 1634 consuerint
612 1571 702 1655 gigni
717 1571 893 1655 gignentur
909 1569 1025 1634 eadem

260 1683 457 1749 condicione
472 1693 506 1748 et
521 1691 618 1748 erunt
633 1694 667 1748 et
682 1693 835 1748 crescent
849 1686 948 1770 vique
962 1685 1136 1756 valebunt,

260 1806 420 1884 quantum
436 1800 554 1883 cuique
571 1798 684 1864 datum
698 1806 751 1863 est
764 1819 825 1883 per
839 1797 978 1862 foedera
991 1800 1137 1863 naturai.

259 1935 321 1978 nec
335 1935 445 1976 rerum
461 1935 620 1978 summam
636 1921 838 1977 commutare
852 1913 921 1977 ulla
935 1919 1049 1999 potest
1062 1913 1129 1976 vis:

259 2050 335 2092 nam
351 2049 459 2112 neque
476 2049 542 2112 quo
558 2029 666 2113 possit
680 2049 784 2113 genus
799 2029 900 2092 ullum
916 2029 1064 2091 materiai

188 2161 236 2206 305
260 2141 404 2226 effugere
421 2143 565 2206 exomni
583 2143 760 2227 quicquam
777 2151 965 2226 est‚neque
979 2143 1014 2205 in
1029 2157 1126 2206 omne
1141 2163 1292 2207 seorsum

259 2255 349 2321 unde
365 2265 483 2321 coorta
498 2263 598 2342 queat
612 2279 701 2322 nova
715 2259 765 2322 vis
780 2259 967 2342 inrumpere
984 2265 1017 2320 et
1032 2279 1161 2321 omnem

260 2379 410 2436 naturam
424 2393 534 2435 rerum
549 2380 677 2436 mutare
693 2381 727 2436 et
740 2381 870 2436 vertere
885 2379 1010 2436 metue.

300 2485 386 2548 lllud
401 2487 434 2547 in
449 2484 500 2548 his
515 2488 614 2550 rebus
630 2508 698 2550 non
714 2495 764 2548 est
779 2486 943 2559 mirabile,
956 2506 1074 2569 quare,

260 2599 370 2662 omnia
385 2619 458 2661 cum
474 2621 582 2662 rerum
596 2599 778 2683 primordia
792 2601 859 2662 sint
874 2600 907 2662 in
922 2608 1030 2673 motu,

190 2730 238 2777 arc
260 2734 387 2776 summa
401 2721 511 2776 tamen
526 2734 652 2776 summa
666 2713 820 2778 videatur
834 2723 925 2776 stare
940 2713 1065 2798 quiete,

260 2835 394 2913 praeter
412 2848 509 2912 quarn
525 2827 635 2912 siquid
650 2828 787 2914 proprio
804 2826 863 2890 dat
877 2849 1019 2912 corpore
1034 2837 1157 2912 motus.

261 2943 366 3006 omnis
383 2941 468 3004 enim
482 2942 581 3028 longe
597 2943 721 3006 nostris
736 2943 777 3006 ab
793 2943 945 3006 sensibus
960 2942 1046 3006 infra

259 3058 439 3146 primorum
455 3066 575 3122 natura
589 3059 691 3134 iacet3
703 3079 769 3142 qua
784 3058 1007 3144 propter‚lrbi
1021 3057 1094 3142 ipsa

259 3194 396 3238 cernere
410 3173 472 3235 iam
488 3194 651 3258 nequeas,
663 3181 772 3236 motus
788 3195 923 3258 quoque
938 3193 1077 3256 surpere
1092 3171 1230 3247 debent;

187 3303 235 3348 ³15
258 3287 451 3371 praesertim
467 3309 541 3350 cum
552 3335 558 3354 ,
571 3307 656 3370 quac
672 3288 837 3372 possimus
852 3308 989 3351 cernere
999 3335 1007 3362 ,
1019 3287 1129 3350 celent

259 3421 359 3484 saepe
374 3407 484 3463 tamen
498 3407 609 3463 motus
619 3447 627 3474 ‚
637 3402 746 3484 spatio
762 3400 900 3464 diducta
914 3401 1078 3465 locorum.

259 3535 336 3577 nam
352 3535 452 3600 saepe
467 3514 500 3576 in
516 3514 591 3578 colli
606 3513 786 3579 tondentes
800 3515 923 3599 p'abula
937 3516 1024 3580 lacta

259 3628 425 3713 lanigerae
440 3637 575 3714 reptant
590 3628 736 3715 pecudes
751 3651 818 3714 quo
835 3651 1000 3715 quamque
1014 3641 1173 3696 vocantes

258 3743 402 3806 invitant
415 3742 539 3805 herbae
554 3751 758 3828 gemmantes
772 3766 849 3807 rore
863 3747 1004 3815 recenti,

187 3873 235 3920 320
258 3865 292 3920 ct
307 3857 416 3920 satiati
433 3856 508 3941 agni
522 3856 643 3921 ludunt
657 3855 847 3942 blandeque
863 3868 1057 3936 coruscant;

259 3971 368 4033 omnia
383 3991 468 4054 quae
484 3971 580 4034 nobis
595 3971 695 4055 longe
711 3970 850 4037 confusa
864 3974 1021 4038 videntur

259 4093 292 4148 et
305 4084 359 4149 vel
373 4093 411 4148 ut
425 4085 458 4147 in
473 4085 572 4148 viridi
587 4084 715 4149 candor
731 4089 914 4152 consistere
930 4089 1020 4152 colli.

257 4269 458 4278 ...φ-...-

258 4369 307 4414 224
326 4360 376 4414 fult
404 4361 413 4429 ll
441 4367 487 4414 301
510 4364 588 4432 vique
618 4363 627 4430 ll
656 4369 704 4415 305
724 4365 749 4415 in
769 4381 874 4416 (imitas.
900 4365 909 4432 Η
933 4372 980 4418 313
1001 4367 1098 4436 ipsum.
1124 4369 1134 4435 ll
1158 4340 1207 4420 alt
1226 4385 1361 4439 asurliere
1388 4381 1398 4442 1!

257 4450 307 4496 31³
325 4461 402 4512 quam
431 4447 440 4512 l!
469 4445 613 4498 illuserint
641 4449 650 4512 ll
677 4453 725 4496 322
744 4448 782 4498 uti
