2972 5188
632 501 664 566 V
1135 503 1204 572 325

97 675 268 740 nissimum
284 684 336 741 est
351 675 446 748 Hic,
468 683 505 740 ut
519 676 553 738 in
569 697 598 749 v,
607 673 669 739 432
686 695 734 749 ιιι,
748 674 845 740 1023.
867 696 1000 740 versum
1017 677 1204 760 proximum

97 776 166 839 Nec
181 785 306 859 poterat
333 769 471 838 exhibet
501 778 745 836 commentator
766 769 975 838 Veronensis
997 771 1142 861 Vergilii
1160 777 1203 840 ad

95 874 177 936 Aen.
187 893 221 946 ιι,
230 871 288 945 90,
304 871 439 936 sirecte
455 870 585 934 iudicat
598 868 640 933 H.
650 868 795 944 Koilius,
811 877 849 934 ut
865 870 935 934 dixi
949 893 985 946 ιι,
994 871 1072 936 559.

181 968 269 1032 1006.
292 969 476 1034 Iurnoen
497 990 658 1032 xnvrorr
686 989 809 1030 xnrro
833 989 910 1030 ruu
934 991 1064 1033 enses
1086 981 1203 1035 rson-

95 1088 191 1129 nnr.
213 1066 266 1130 De
287 1066 354 1130 hoc
368 1087 469 1130 versu
491 1067 616 1151 optime
632 1064 820 1150 disputavit
833 1064 1027 1130 Alexander
1042 1066 1204 1132 Theodo-

95 1185 152 1228 rus
169 1163 332 1229 Svcrdsid
346 1165 382 1228 in
393 1163 558 1229 Vindiciis
579 1164 754 1249 praecepti
774 1161 964 1227 Bentleicni
979 1186 1011 1248 p.
1022 1164 1063 1228 39
1073 1213 1082 1245 ,
1105 1185 1202 1250 quem

95 1260 242 1326 libellum
257 1261 363 1349 Rigne
379 1263 487 1328 edidit
501 1285 590 1327 enno
609 1262 688 1328 1832
705 1310 711 1326 .
734 1261 790 1326 hic
807 1283 892 1348 quas
906 1261 1057 1327 rationes
1073 1263 1203 1336 attulit,

95 1361 217 1444 quibus
239 1360 330 1424 hunc
352 1382 486 1425 versum
507 1361 655 1426 Lucretii
678 1381 751 1424 esse
775 1380 842 1423 non
864 1380 967 1444 posse
990 1357 1203 1432 ostenderet,

95 1479 152 1522 ees
170 1466 205 1522 et
218 1467 374 1544 repetere
389 1469 423 1524 et
438 1480 561 1545 augere
576 1461 640 1523 mei
655 1459 755 1522 officii
772 1480 846 1523 esse
863 1456 968 1522 duco.
987 1457 1128 1542 primum
1143 1455 1204 1542 igi·

94 1563 149 1620 tur
161 1555 247 1621 haee
259 1555 411 1622 ordinem
424 1564 458 1622 et
473 1555 721 1622 cohaerentiam
734 1557 974 1642 sententiarum
985 1556 1203 1643 perturbant,

93 1655 157 1718 nisi
173 1663 265 1720 certe
285 1655 398 1741 aliquo
414 1657 548 1721 vinculo
571 1677 645 1721 cum
661 1663 775 1720 cetera
797 1655 951 1718 oratione
966 1659 1203 1719 conectuntur.

93 1753 209 1838 itaque
224 1755 253 1818 si
268 1775 287 1817 e
301 1753 396 1819 libris
411 1754 489 1818 olim
503 1754 676 1838 impressis
687 1753 871 1817 scribemus
887 1775 954 1816 oum
967 1775 1058 1816 caeca
1072 1751 1204 1822 ιάσιὸαι,

93 1851 181 1916 hoec
191 1873 444 1938 supervacaneo
456 1852 638 1917 reddemus
653 1851 901 1915 tolerabiliora.
913 1849 1037 1915 deinde
1047 1849 1134 1914 scire
1145 1869 1202 1912 ve-

93 1949 149 2014 lim
173 1969 240 2034 quo
256 1970 357 2014 sensu
379 1951 550 2036 navigatio
573 1949 627 2014 hic
650 1949 788 2033 improba
811 1948 962 2012 dicetur:
986 1954 1101 2032 potest
1116 1948 1203 2010 enim

93 2047 265 2133 improbum
280 2069 355 2112 esse
367 2056 426 2112 aut
436 2047 595 2121 immane,
609 2054 648 2108 ut
658 2045 751 2130 apud
760 2045 875 2109 Silium
891 2045 925 2108 in
937 2044 1075 2120 x111,761
1087 2044 1203 2118 inhio,

92 2157 246 2231 uectatque
256 2146 365 2230 capaci
375 2147 510 2229 Apmico
520 2145 598 2208 mole
613 2142 733 2208 Cicron
741 2191 750 2221 ,
766 2155 794 2206 ct
802 2143 915 2231 sufficit
923 2143 1063 2228 improba
1072 2143 1187 2228 puppis
1195 2190 1203 2220 ,

94 2252 154 2307 aut
165 2242 231 2306 vile
246 2249 281 2305 et
296 2249 543 2326 contemptum,
559 2247 597 2304 ut
607 2240 755 2304 Lucilius
771 2239 1125 2327 Ovnrwssormoeisortes
1135 2239 1204 2316 titi,

92 2365 147 2427 epo
161 2340 333 2424 improbus,
350 2346 408 2404 sut
424 2337 569 2424 denique
584 2339 789 2404 scelerosum
805 2347 839 2402 et
854 2331 984 2414 oudax3
1003 2359 1146 2423 quorum
1161 2337 1204 2400 si-

93 2437 178 2524 quid
192 2436 298 2501 autin
313 2443 435 2502 nautes
450 2442 510 2500 eut
523 2437 557 2500 in
573 2457 677 2500 neves
692 2434 804 2510 cedit,
826 2443 917 2500 certe
933 2457 953 2499 a
967 2437 1086 2500 rulime
1101 2441 1204 2520 etque

92 2536 288 2600 inventione
302 2524 484 2620 navigandi
498 2535 639 2598 alienum
656 2543 723 2598 est.
739 2555 815 2598 nam
828 2533 992 2598 Horatius
1005 2553 1080 2597 cum
1093 2535 1205 2618 impios

94 2634 181 2699 dixit
195 2644 292 2712 rates,
313 2652 382 2695 non
398 2639 508 2696 temen
528 2633 683 2717 improbas
698 2629 800 2706 dixit,
824 2639 859 2694 ct
872 2627 1055 2716 impietatis
1066 2629 1204 2695 modum

93 2733 200 2798 teceri
214 2751 315 2817 posse
330 2752 398 2795 non
413 2731 564 2815 putavit,
586 2729 647 2794 sed
662 2730 796 2795 addidit
812 2751 869 2795 ees
883 2731 964 2794 vado
977 2753 1038 2795 non
1053 2729 1205 2815 tcnpenda

92 2832 264 2894 camilire.
280 2851 348 2894 non
362 2831 411 2894 ite
425 2829 588 2894 infantem
602 2829 684 2893 novi
698 2828 909 2904 Lucretium,
926 2837 963 2893 ut
978 2827 1111 2892 credam
1129 2847 1204 2892 eum

94 2929 180 2992 haec
194 2935 264 2992 tam
280 2929 414 2991 concise
430 2935 465 2990 et
478 2925 675 3010 imperfecte
688 2926 852 2990 elaturum
868 2923 989 2990 fuisse.
1005 2933 1076 2989 tum
1090 2926 1205 3009 noeipii

91 3049 155 3092 nec
170 3026 279 3089 forme
299 3025 517 3109 grammatica
538 3043 601 3085 nec
616 3023 815 3106 significatio
839 3023 1061 3105 tumentique
1081 3027 1204 3104 poetae

94 3121 273 3194 convenit,
295 3139 438 3204 quorum
455 3127 635 3202 utrumque
655 3119 685 3182 is
708 3136 807 3202 quem
823 3116 893 3180 dixi
915 3119 967 3180 vir
989 3116 1204 3182 doctissimus

93 3225 253 3282 accurate
269 3216 446 3300 exposuit.
470 3216 527 3300 qui
543 3214 636 3300 quod
651 3215 675 3278 Ι.
686 3214 895 3279 F.Gron0vii
917 3215 952 3278 in
969 3213 1205 3294 ecclesiasticis

92 3314 334 3380 observatione
348 3313 468 3389 utitur,
485 3313 591 3397 queis
607 3335 638 3397 p.
648 3310 710 3375 272
722 3310 912 3376 Cervidium
924 3312 1123 3377 Scaevolam
1137 3313 1204 3399 pri·
1260 3377 1266 3389 ,

93 3435 183 3478 mum
198 3411 307 3478 Marci
321 3411 534 3499 imperatoris
551 3417 662 3475 aetate
676 3412 792 3497 nceiqii
807 3410 974 3475 vocabulo
988 3409 1023 3474 in
1039 3409 1057 3474 l.
1071 3409 1129 3474 122
1146 3409 1201 3494 §.1

92 3510 379 3585 D.dev.o.xnv‚l
403 3531 467 3594 pro
491 3508 705 3596 navigatione
727 3530 824 3573 usum
847 3529 922 3572 esse
945 3509 1028 3574 dicit
1051 3511 1138 3592 (nem
1161 3507 1204 3572 de

92 3610 218 3675 Edicto
229 3608 393 3693 Ulpianus
404 3607 532 3672 fallitur
547 3615 582 3672 et
597 3629 634 3672 sc
646 3614 738 3672 recte
752 3607 892 3694 corrigit
907 3607 942 3671 in
957 3607 977 3670 l.
992 3609 1006 3670 l
1027 3608 1053 3692 ξ.
1066 3607 1150 3672 14Ι).
1161 3606 1204 3670 dc

95 3697 318 3782 lluminssxnru,
331 3707 397 3791 12),
412 3728 475 3770 nos
491 3707 633 3772 eundem
649 3706 739 3770 illum
755 3706 978 3770 Lucretianae
993 3706 1077 3768 artis
1093 3725 1203 3768 eemu-

93 3808 160 3874 lum
175 3809 353 3881 lectorem,
375 3806 428 3870 oui
443 3805 498 3870 hic
511 3828 632 3870 versus
648 3804 894 3870 adscribendus
910 3811 979 3877 est,
994 3804 1058 3866 iam
1075 3804 1202 3886 aliquo·

95 3891 309 3992 tiens‘poesis
325 3903 503 3988 autiquae,
527 3925 626 3987 quem
643 3903 858 3976 adfectabat,
879 3901 1045 3964 nonsatis
1065 3920 1203 3986 gnarum

96 4004 396 4090 deprehendimus,
412 4002 505 4066 velut
517 4023 592 4064 cum
604 4000 763 4086 dixitque
772 4010 900 4085 propter
912 4017 975 4083 pro
989 3998 1082 4082 ipilcr
1097 4021 1118 4073 1,
1127 3998 1203 4070 334,

96 4107 222 4168 intectus
241 4109 335 4166 recto
358 4121 438 4165 casu
455 4109 490 4164 et
510 4100 606 4186 aprici
622 4097 725 4162 dandi
748 4098 856 4174 xlm,
877 4096 993 4182 alioqui
1009 4095 1143 4170 nulle,
1163 4098 1203 4158 si·

94 4203 233 4265 rnulccra
247 4211 396 4284 premamur
411 4221 459 4273 ιιι,
468 4197 530 4263 433
546 4246 554 4273 ,
574 4198 683 4260 sentire
704 4219 814 4259 screare
830 4217 873 4273 ιν,
883 4193 959 4258 229.
982 4194 1066 4258 haec
1086 4194 1205 4280 igitur,
1281 4189 1284 4196 ’

96 4307 134 4361 ut
149 4297 236 4370 dixi,
252 4297 479 4362 Svertlsiiivus
493 4297 559 4361 illis
576 4295 778 4380 prudentius
794 4295 974 4368 tractavit,
997 4294 1052 4378 qui
1069 4313 1136 4357 una
1150 4291 1205 4353 vel

97 4397 202 4460 altero
213 4395 327 4459 littera
337 4395 511 4459 immutata
523 4418 560 4459 se
571 4395 638 4459 hoc
651 4402 752 4480 pocta
765 4393 901 4479 dignum
913 4390 1112 4456 versiculum
1129 4410 1204 4472 pro·

98 4493 221 4560 cudere
236 4515 338 4579 posse
355 4495 605 4570 existimarunt,
621 4496 648 4558 si
665 4492 765 4559 modo
783 4491 865 4556 illud
876 4489 1096 4556 infaustumii
1113 4484 1212 4548 (levi.
