<?xml version="1.0" encoding="UTF-8"?>
<!DOCTYPE html PUBLIC "-//W3C//DTD XHTML 1.0 Transitional//EN"
    "http://www.w3.org/TR/xhtml1/DTD/xhtml1-transitional.dtd">
<html xmlns="http://www.w3.org/1999/xhtml" xml:lang="en" lang="en">
 <head>
  <title>
</title>
<meta http-equiv="Content-Type" content="text/html;charset=utf-8" />
  <meta name='ocr-system' content='tesseract 3.04.00' />
  <meta name='ocr-capabilities' content='ocr_page ocr_carea ocr_par ocr_line ocrx_word'/>
</head>
<body>
  <div class='ocr_page' id='page_1' title='image "./intlucretiicari00lachgoog_0052.png"; bbox 0 0 2946 5188; ppageno 0'>
   <div class='ocr_carea' id='block_1_1' title="bbox 661 462 693 529">
    <p class='ocr_par' dir='ltr' id='par_1_1' title="bbox 661 462 693 529">
     <span class='ocr_line' id='line_1_1' title="bbox 661 462 693 529; baseline 0.031 -1"><span class='ocrx_word' id='word_1_1' title='bbox 661 462 693 529; x_wconf 96' lang='lat' dir='ltr'><strong>ll</strong></span> 
     </span>
    </p>
   </div>
   <div class='ocr_carea' id='block_1_2' title="bbox 24 631 1150 4031">
    <p class='ocr_par' dir='ltr' id='par_1_2' title="bbox 108 631 1034 836">
     <span class='ocr_line' id='line_1_2' title="bbox 109 631 1034 721; baseline 0.009 -25"><span class='ocrx_word' id='word_1_2' title='bbox 109 633 276 719; x_wconf 87' lang='lat' dir='ltr'><strong>sicigitur</strong></span> <span class='ocrx_word' id='word_1_3' title='bbox 291 632 418 698; x_wconf 88' lang='lat' dir='ltr'><strong>debent</strong></span> <span class='ocrx_word' id='word_1_4' title='bbox 431 631 580 698; x_wconf 82' lang='lat' dir='ltr'><strong>flammae</strong></span> <span class='ocrx_word' id='word_1_5' title='bbox 596 655 732 720; x_wconf 91' lang='lat' dir='ltr'><strong>quoque</strong></span> <span class='ocrx_word' id='word_1_6' title='bbox 746 656 848 721; x_wconf 88' lang='lat' dir='ltr'><strong>posse</strong></span> <span class='ocrx_word' id='word_1_7' title='bbox 862 657 923 721; x_wconf 88' lang='lat' dir='ltr'><strong>per</strong></span> <span class='ocrx_word' id='word_1_8' title='bbox 936 659 1034 704; x_wconf 81' lang='lat' dir='ltr'><strong>suras</strong></span> 
     </span>
     <span class='ocr_line' id='line_1_3' title="bbox 108 746 965 836; baseline 0.005 -24"><span class='ocrx_word' id='word_1_9' title='bbox 108 747 198 812; x_wconf 74' lang='lat' dir='ltr'><strong>aeris</strong></span> <span class='ocrx_word' id='word_1_10' title='bbox 214 767 395 834; x_wconf 80' lang='lat' dir='ltr'>expressae</span> <span class='ocrx_word' id='word_1_11' title='bbox 409 769 541 812; x_wconf 88' lang='lat' dir='ltr'><strong>sursum</strong></span> <span class='ocrx_word' id='word_1_12' title='bbox 555 746 754 825; x_wconf 81' lang='lat' dir='ltr'><strong>succedere,</strong></span> <span class='ocrx_word' id='word_1_13' title='bbox 766 770 965 836; x_wconf 80' lang='lat' dir='ltr'><strong>quamquam</strong></span> 
     </span>
    </p>

    <p class='ocr_par' dir='ltr' id='par_1_3' title="bbox 24 844 1150 1392">
     <span class='ocr_line' id='line_1_4' title="bbox 24 844 1150 953; baseline 0.007 -29"><span class='ocrx_word' id='word_1_14' title='bbox 24 879 84 924; x_wconf 76' lang='grc'><strong>205</strong></span> <span class='ocrx_word' id='word_1_15' title='bbox 107 859 282 947; x_wconf 78' lang='lat' dir='ltr'><strong>pondera,</strong></span> <span class='ocrx_word' id='word_1_16' title='bbox 295 869 456 946; x_wconf 82' lang='lat' dir='ltr'><strong>quantum</strong></span> <span class='ocrx_word' id='word_1_17' title='bbox 472 870 524 927; x_wconf 84' lang='lat' dir='ltr'><strong>est</strong></span> <span class='ocrx_word' id='word_1_18' title='bbox 536 863 639 939; x_wconf 87' lang='lat' dir='ltr'><strong>inse,</strong></span> <span class='ocrx_word' id='word_1_19' title='bbox 651 862 807 928; x_wconf 88' lang='lat' dir='ltr'><strong>deorsum</strong></span> <span class='ocrx_word' id='word_1_20' title='bbox 822 864 945 930; x_wconf 87' lang='lat' dir='ltr'><strong>ducere</strong></span> <span class='ocrx_word' id='word_1_21' title='bbox 960 876 1128 953; x_wconf 88' lang='lat' dir='ltr'><strong>pugnent.</strong></span> <span class='ocrx_word' id='word_1_22' title='bbox 1143 844 1150 862; x_wconf 56' lang='lat'>⁸</span> 
     </span>
     <span class='ocr_line' id='line_1_5' title="bbox 109 976 901 1060; baseline 0.006 -22"><span class='ocrx_word' id='word_1_23' title='bbox 109 985 362 1060; x_wconf 78' lang='lat' dir='ltr'><strong>nocturnasque</strong></span> <span class='ocrx_word' id='word_1_24' title='bbox 375 976 466 1040; x_wconf 81' lang='lat' dir='ltr'><strong>seces</strong></span> <span class='ocrx_word' id='word_1_25' title='bbox 480 976 561 1040; x_wconf 81' lang='lat' dir='ltr'><strong>eseli</strong></span> <span class='ocrx_word' id='word_1_26' title='bbox 571 1025 578 1052; x_wconf 93' lang='lat'><strong>,</strong></span> <span class='ocrx_word' id='word_1_27' title='bbox 590 977 728 1042; x_wconf 88' lang='lat' dir='ltr'><strong>sublime</strong></span> <span class='ocrx_word' id='word_1_28' title='bbox 742 979 901 1055; x_wconf 83' lang='lat' dir='ltr'><strong>volentis,</strong></span> 
     </span>
     <span class='ocr_line' id='line_1_6' title="bbox 108 1069 964 1176; baseline 0.008 -24"><span class='ocrx_word' id='word_1_29' title='bbox 108 1111 224 1154; x_wconf 89' lang='lat' dir='ltr'><strong>nonne</strong></span> <span class='ocrx_word' id='word_1_30' title='bbox 238 1089 332 1153; x_wconf 84' lang='lat' dir='ltr'><strong>vides</strong></span> <span class='ocrx_word' id='word_1_31' title='bbox 346 1091 466 1176; x_wconf 88' lang='lat' dir='ltr'><strong>longos</strong></span> <span class='ocrx_word' id='word_1_32' title='bbox 480 1089 683 1156; x_wconf 82' lang='lat' dir='ltr'><strong>flammarum</strong></span> <span class='ocrx_word' id='word_1_33' title='bbox 698 1091 822 1156; x_wconf 89' lang='lat' dir='ltr'><strong>ducere</strong></span> <span class='ocrx_word' id='word_1_34' title='bbox 836 1069 964 1159; x_wconf 83' lang='lat' dir='ltr'><strong>tractus</strong></span> 
     </span>
     <span class='ocr_line' id='line_1_7' title="bbox 107 1202 949 1291; baseline 0.005 -25"><span class='ocrx_word' id='word_1_35' title='bbox 107 1205 146 1266; x_wconf 91' lang='lat' dir='ltr'><strong>in</strong></span> <span class='ocrx_word' id='word_1_36' title='bbox 161 1225 245 1288; x_wconf 85' lang='lat' dir='ltr'><strong>quos</strong></span> <span class='ocrx_word' id='word_1_37' title='bbox 260 1225 402 1289; x_wconf 88' lang='lat' dir='ltr'><strong>cumque</strong></span> <span class='ocrx_word' id='word_1_38' title='bbox 417 1202 512 1270; x_wconf 82' lang='lat' dir='ltr'><strong>dedit</strong></span> <span class='ocrx_word' id='word_1_39' title='bbox 526 1206 632 1291; x_wconf 86' lang='lat' dir='ltr'><strong>pertis</strong></span> <span class='ocrx_word' id='word_1_40' title='bbox 647 1214 767 1270; x_wconf 83' lang='lat' dir='ltr'><strong>nature</strong></span> <span class='ocrx_word' id='word_1_41' title='bbox 782 1209 949 1273; x_wconf 78' lang='lat' dir='ltr'><strong>meatum?</strong></span> 
     </span>
     <span class='ocr_line' id='line_1_8' title="bbox 108 1318 953 1392; baseline 0.004 -11"><span class='ocrx_word' id='word_1_42' title='bbox 108 1340 182 1382; x_wconf 92' lang='lat' dir='ltr'><strong>non</strong></span> <span class='ocrx_word' id='word_1_43' title='bbox 197 1318 318 1382; x_wconf 82' lang='lat' dir='ltr'><strong>cedere</strong></span> <span class='ocrx_word' id='word_1_44' title='bbox 331 1318 366 1382; x_wconf 92' lang='lat' dir='ltr'><strong>in</strong></span> <span class='ocrx_word' id='word_1_45' title='bbox 380 1325 503 1384; x_wconf 85' lang='lat' dir='ltr'><strong>terrum</strong></span> <span class='ocrx_word' id='word_1_46' title='bbox 517 1320 633 1384; x_wconf 84' lang='lat' dir='ltr'><strong>stellas</strong></span> <span class='ocrx_word' id='word_1_47' title='bbox 649 1328 683 1384; x_wconf 90' lang='lat' dir='ltr'><strong>et</strong></span> <span class='ocrx_word' id='word_1_48' title='bbox 697 1321 809 1386; x_wconf 85' lang='lat' dir='ltr'><strong>sidere</strong></span> <span class='ocrx_word' id='word_1_49' title='bbox 824 1323 953 1392; x_wconf 80' lang='lat' dir='ltr'><strong>cernis?</strong></span> 
     </span>
    </p>

    <p class='ocr_par' dir='ltr' id='par_1_4' title="bbox 24 1432 1008 1978">
     <span class='ocr_line' id='line_1_9' title="bbox 24 1432 895 1521; baseline 0.006 -27"><span class='ocrx_word' id='word_1_50' title='bbox 24 1449 85 1494; x_wconf 82' lang='lat'><strong>210</strong></span> <span class='ocrx_word' id='word_1_51' title='bbox 108 1432 164 1496; x_wconf 86' lang='lat' dir='ltr'><strong>sol</strong></span> <span class='ocrx_word' id='word_1_52' title='bbox 180 1433 278 1496; x_wconf 85' lang='lat' dir='ltr'><strong>etium</strong></span> <span class='ocrx_word' id='word_1_53' title='bbox 293 1454 419 1497; x_wconf 86' lang='lat' dir='ltr'><strong>summo</strong></span> <span class='ocrx_word' id='word_1_54' title='bbox 435 1432 478 1496; x_wconf 93' lang='lat' dir='ltr'><strong>de</strong></span> <span class='ocrx_word' id='word_1_55' title='bbox 492 1434 619 1498; x_wconf 84' lang='lat' dir='ltr'><strong>vertice</strong></span> <span class='ocrx_word' id='word_1_56' title='bbox 634 1432 775 1521; x_wconf 85' lang='lat' dir='ltr'><strong>dissipet</strong></span> <span class='ocrx_word' id='word_1_57' title='bbox 790 1437 895 1500; x_wconf 88' lang='lat' dir='ltr'><strong>omnis</strong></span> 
     </span>
     <span class='ocr_line' id='line_1_10' title="bbox 108 1545 891 1632; baseline 0.003 -21"><span class='ocrx_word' id='word_1_58' title='bbox 108 1545 267 1611; x_wconf 79' lang='lat' dir='ltr'><strong>ardorem</strong></span> <span class='ocrx_word' id='word_1_59' title='bbox 281 1547 315 1610; x_wconf 91' lang='lat' dir='ltr'><strong>in</strong></span> <span class='ocrx_word' id='word_1_60' title='bbox 329 1546 434 1632; x_wconf 82' lang='lat' dir='ltr'><strong>partis</strong></span> <span class='ocrx_word' id='word_1_61' title='bbox 449 1556 483 1613; x_wconf 92' lang='lat' dir='ltr'><strong>et</strong></span> <span class='ocrx_word' id='word_1_62' title='bbox 496 1549 617 1612; x_wconf 91' lang='lat' dir='ltr'><strong>lumine</strong></span> <span class='ocrx_word' id='word_1_63' title='bbox 632 1549 780 1613; x_wconf 87' lang='lat' dir='ltr'><strong>conserit</strong></span> <span class='ocrx_word' id='word_1_64' title='bbox 793 1571 891 1616; x_wconf 83' lang='lat' dir='ltr'><strong>arva:</strong></span> 
     </span>
     <span class='ocr_line' id='line_1_11' title="bbox 107 1661 920 1749; baseline 0.005 -25"><span class='ocrx_word' id='word_1_65' title='bbox 107 1661 145 1724; x_wconf 92' lang='lat' dir='ltr'><strong>in</strong></span> <span class='ocrx_word' id='word_1_66' title='bbox 160 1669 267 1726; x_wconf 83' lang='lat' dir='ltr'><strong>terres</strong></span> <span class='ocrx_word' id='word_1_67' title='bbox 281 1661 383 1747; x_wconf 85' lang='lat' dir='ltr'><strong>igitur</strong></span> <span class='ocrx_word' id='word_1_68' title='bbox 399 1683 534 1747; x_wconf 89' lang='lat' dir='ltr'><strong>quoque</strong></span> <span class='ocrx_word' id='word_1_69' title='bbox 547 1663 627 1728; x_wconf 90' lang='lat' dir='ltr'><strong>solis</strong></span> <span class='ocrx_word' id='word_1_70' title='bbox 641 1664 790 1749; x_wconf 75' lang='lat' dir='ltr'><strong>vergitur</strong></span> <span class='ocrx_word' id='word_1_71' title='bbox 804 1662 920 1728; x_wconf 81' lang='lat' dir='ltr'><strong>ardor.</strong></span> 
     </span>
     <span class='ocr_line' id='line_1_12' title="bbox 106 1775 1008 1863; baseline 0.007 -25"><span class='ocrx_word' id='word_1_72' title='bbox 106 1782 389 1860; x_wconf 85' lang='lat' dir='ltr'><strong>transversosque</strong></span> <span class='ocrx_word' id='word_1_73' title='bbox 403 1775 516 1840; x_wconf 85' lang='lat' dir='ltr'><strong>volere</strong></span> <span class='ocrx_word' id='word_1_74' title='bbox 531 1797 592 1863; x_wconf 89' lang='lat' dir='ltr'><strong>per</strong></span> <span class='ocrx_word' id='word_1_75' title='bbox 605 1777 718 1840; x_wconf 87' lang='lat' dir='ltr'><strong>imbris</strong></span> <span class='ocrx_word' id='word_1_76' title='bbox 732 1777 868 1842; x_wconf 83' lang='lat' dir='ltr'><strong>fulmina</strong></span> <span class='ocrx_word' id='word_1_77' title='bbox 883 1780 1008 1855; x_wconf 83' lang='lat' dir='ltr'><strong>cernis,</strong></span> 
     </span>
     <span class='ocr_line' id='line_1_13' title="bbox 105 1885 910 1978; baseline 0.006 -26"><span class='ocrx_word' id='word_1_78' title='bbox 105 1911 199 1954; x_wconf 89' lang='lat' dir='ltr'><strong>nunc</strong></span> <span class='ocrx_word' id='word_1_79' title='bbox 212 1889 290 1954; x_wconf 90' lang='lat' dir='ltr'><strong>bino</strong></span> <span class='ocrx_word' id='word_1_80' title='bbox 304 1885 496 1954; x_wconf 61' lang='lat' dir='ltr'><strong>nunc&#39;illinc</strong></span> <span class='ocrx_word' id='word_1_81' title='bbox 511 1891 645 1978; x_wconf 77' lang='lat' dir='ltr'><strong>abrupti</strong></span> <span class='ocrx_word' id='word_1_82' title='bbox 658 1892 802 1956; x_wconf 90' lang='lat' dir='ltr'><strong>nubibus</strong></span> <span class='ocrx_word' id='word_1_83' title='bbox 816 1893 910 1978; x_wconf 91' lang='lat' dir='ltr'><strong>ignes</strong></span> 
     </span>
    </p>

    <p class='ocr_par' dir='ltr' id='par_1_5' title="bbox 24 2003 958 2093">
     <span class='ocr_line' id='line_1_14' title="bbox 24 2003 958 2093; baseline 0.006 -28"><span class='ocrx_word' id='word_1_84' title='bbox 24 2021 82 2066; x_wconf 75' lang='lat'><strong>215</strong></span> <span class='ocrx_word' id='word_1_85' title='bbox 105 2011 328 2068; x_wconf 86' lang='lat' dir='ltr'><strong>concursent:</strong></span> <span class='ocrx_word' id='word_1_86' title='bbox 341 2003 431 2068; x_wconf 86' lang='lat' dir='ltr'><strong>cedit</strong></span> <span class='ocrx_word' id='word_1_87' title='bbox 444 2004 479 2067; x_wconf 91' lang='lat' dir='ltr'><strong>in</strong></span> <span class='ocrx_word' id='word_1_88' title='bbox 494 2012 600 2068; x_wconf 84' lang='lat' dir='ltr'><strong>terras</strong></span> <span class='ocrx_word' id='word_1_89' title='bbox 614 2005 666 2068; x_wconf 84' lang='lat' dir='ltr'><strong>vis</strong></span> <span class='ocrx_word' id='word_1_90' title='bbox 680 2004 830 2071; x_wconf 77' lang='lat' dir='ltr'><strong>flammea</strong></span> <span class='ocrx_word' id='word_1_91' title='bbox 843 2007 958 2093; x_wconf 78' lang='lat' dir='ltr'><strong>volgo.</strong></span> 
     </span>
    </p>

    <p class='ocr_par' dir='ltr' id='par_1_6' title="bbox 103 2117 1055 2547">
     <span class='ocr_line' id='line_1_15' title="bbox 151 2117 1055 2206; baseline 0.004 -24"><span class='ocrx_word' id='word_1_92' title='bbox 151 2117 238 2182; x_wconf 90' lang='lat' dir='ltr'><strong>Illud</strong></span> <span class='ocrx_word' id='word_1_93' title='bbox 252 2118 287 2181; x_wconf 91' lang='lat' dir='ltr'><strong>in</strong></span> <span class='ocrx_word' id='word_1_94' title='bbox 300 2117 353 2182; x_wconf 90' lang='lat' dir='ltr'><strong>his</strong></span> <span class='ocrx_word' id='word_1_95' title='bbox 369 2139 505 2204; x_wconf 90' lang='lat' dir='ltr'><strong>quoque</strong></span> <span class='ocrx_word' id='word_1_96' title='bbox 521 2125 554 2182; x_wconf 90' lang='lat' dir='ltr'><strong>te</strong></span> <span class='ocrx_word' id='word_1_97' title='bbox 568 2119 669 2183; x_wconf 88' lang='lat' dir='ltr'><strong>rebus</strong></span> <span class='ocrx_word' id='word_1_98' title='bbox 685 2141 889 2206; x_wconf 80' lang='lat' dir='ltr'><strong>cognoscere</strong></span> <span class='ocrx_word' id='word_1_99' title='bbox 904 2123 1055 2196; x_wconf 82' lang='lat' dir='ltr'><strong>avemus&#39;,</strong></span> 
     </span>
     <span class='ocr_line' id='line_1_16' title="bbox 106 2232 1023 2320; baseline 0.003 -23"><span class='ocrx_word' id='word_1_100' title='bbox 106 2254 343 2319; x_wconf 74' lang='lat' dir='ltr'><strong>corporecum</strong></span> <span class='ocrx_word' id='word_1_101' title='bbox 357 2232 513 2296; x_wconf 89' lang='lat' dir='ltr'><strong>deorsum</strong></span> <span class='ocrx_word' id='word_1_102' title='bbox 527 2240 654 2296; x_wconf 88' lang='lat' dir='ltr'><strong>rectum</strong></span> <span class='ocrx_word' id='word_1_103' title='bbox 668 2255 729 2320; x_wconf 89' lang='lat' dir='ltr'><strong>per</strong></span> <span class='ocrx_word' id='word_1_104' title='bbox 743 2235 840 2299; x_wconf 83' lang='lat' dir='ltr'><strong>inane</strong></span> <span class='ocrx_word' id='word_1_105' title='bbox 854 2235 1023 2313; x_wconf 86' lang='lat' dir='ltr'><strong>feruntur,</strong></span> 
     </span>
     <span class='ocr_line' id='line_1_17' title="bbox 104 2346 901 2432; baseline 0.003 -22"><span class='ocrx_word' id='word_1_106' title='bbox 104 2346 315 2432; x_wconf 84' lang='lat' dir='ltr'><strong>ponderibus</strong></span> <span class='ocrx_word' id='word_1_107' title='bbox 330 2347 475 2432; x_wconf 89' lang='lat' dir='ltr'><strong>propriis</strong></span> <span class='ocrx_word' id='word_1_108' title='bbox 489 2348 617 2411; x_wconf 91' lang='lat' dir='ltr'><strong>incerto</strong></span> <span class='ocrx_word' id='word_1_109' title='bbox 632 2354 783 2432; x_wconf 89' lang='lat' dir='ltr'><strong>tempore</strong></span> <span class='ocrx_word' id='word_1_110' title='bbox 798 2347 901 2412; x_wconf 85' lang='lat' dir='ltr'><strong>ferme</strong></span> 
     </span>
     <span class='ocr_line' id='line_1_18' title="bbox 103 2459 865 2547; baseline 0.003 -23"><span class='ocrx_word' id='word_1_111' title='bbox 103 2462 310 2547; x_wconf 78' lang='lat' dir='ltr'><strong>incertisque</strong></span> <span class='ocrx_word' id='word_1_112' title='bbox 323 2461 390 2526; x_wconf 90' lang='lat' dir='ltr'><strong>loci</strong></span> <span class='ocrx_word' id='word_1_113' title='bbox 404 2462 521 2546; x_wconf 83' lang='lat' dir='ltr'><strong>spatiis</strong></span> <span class='ocrx_word' id='word_1_114' title='bbox 538 2459 701 2525; x_wconf 88' lang='lat' dir='ltr'><strong>decellerc</strong></span> <span class='ocrx_word' id='word_1_115' title='bbox 715 2462 865 2546; x_wconf 78' lang='lat' dir='ltr'><strong>paulurn,</strong></span> 
     </span>
    </p>

    <p class='ocr_par' dir='ltr' id='par_1_7' title="bbox 24 2573 1020 3118">
     <span class='ocr_line' id='line_1_19' title="bbox 24 2573 932 2662; baseline 0.001 -25"><span class='ocrx_word' id='word_1_116' title='bbox 24 2593 80 2638; x_wconf 83' lang='grc'><strong>220</strong></span> <span class='ocrx_word' id='word_1_117' title='bbox 103 2583 236 2640; x_wconf 82' lang='lat' dir='ltr'><strong>tantum</strong></span> <span class='ocrx_word' id='word_1_118' title='bbox 252 2574 345 2660; x_wconf 91' lang='lat' dir='ltr'><strong>quod</strong></span> <span class='ocrx_word' id='word_1_119' title='bbox 358 2597 490 2640; x_wconf 87' lang='lat' dir='ltr'><strong>momen</strong></span> <span class='ocrx_word' id='word_1_120' title='bbox 503 2583 665 2640; x_wconf 81' lang='lat' dir='ltr'><strong>mutatum</strong></span> <span class='ocrx_word' id='word_1_121' title='bbox 681 2573 792 2639; x_wconf 89' lang='lat' dir='ltr'><strong>dicere</strong></span> <span class='ocrx_word' id='word_1_122' title='bbox 807 2578 932 2662; x_wconf 88' lang='lat' dir='ltr'><strong>possis.</strong></span> 
     </span>
     <span class='ocr_line' id='line_1_20' title="bbox 105 2687 945 2775; baseline 0.005 -23"><span class='ocrx_word' id='word_1_123' title='bbox 105 2687 202 2775; x_wconf 91' lang='lat' dir='ltr'><strong>quod</strong></span> <span class='ocrx_word' id='word_1_124' title='bbox 215 2689 278 2752; x_wconf 87' lang='lat' dir='ltr'><strong>nisi</strong></span> <span class='ocrx_word' id='word_1_125' title='bbox 293 2688 458 2754; x_wconf 80' lang='lat' dir='ltr'><strong>declinere</strong></span> <span class='ocrx_word' id='word_1_126' title='bbox 473 2689 637 2766; x_wconf 83' lang='lat' dir='ltr'><strong>solerent,</strong></span> <span class='ocrx_word' id='word_1_127' title='bbox 649 2691 759 2754; x_wconf 80' lang='lat' dir='ltr'><strong>omnis</strong></span> <span class='ocrx_word' id='word_1_128' title='bbox 774 2689 945 2767; x_wconf 86' lang='lat' dir='ltr'><strong>deorsum,</strong></span> 
     </span>
     <span class='ocr_line' id='line_1_21' title="bbox 103 2802 1020 2891; baseline 0.002 -23"><span class='ocrx_word' id='word_1_129' title='bbox 103 2803 221 2868; x_wconf 90' lang='lat' dir='ltr'><strong>imbris</strong></span> <span class='ocrx_word' id='word_1_130' title='bbox 235 2805 285 2868; x_wconf 91' lang='lat' dir='ltr'><strong>uti</strong></span> <span class='ocrx_word' id='word_1_131' title='bbox 299 2811 431 2889; x_wconf 82' lang='lat' dir='ltr'><strong>guttae,</strong></span> <span class='ocrx_word' id='word_1_132' title='bbox 443 2802 601 2868; x_wconf 83' lang='lat' dir='ltr'><strong>caderent</strong></span> <span class='ocrx_word' id='word_1_133' title='bbox 615 2825 676 2891; x_wconf 89' lang='lat' dir='ltr'><strong>per</strong></span> <span class='ocrx_word' id='word_1_134' title='bbox 690 2805 787 2868; x_wconf 82' lang='lat' dir='ltr'><strong>inune</strong></span> <span class='ocrx_word' id='word_1_135' title='bbox 802 2804 1020 2890; x_wconf 86' lang='lat' dir='ltr'><strong>profundum,</strong></span> 
     </span>
     <span class='ocr_line' id='line_1_22' title="bbox 103 2915 866 3005; baseline 0.001 -23"><span class='ocrx_word' id='word_1_136' title='bbox 103 2939 170 2982; x_wconf 86' lang='lat' dir='ltr'><strong>nee</strong></span> <span class='ocrx_word' id='word_1_137' title='bbox 183 2916 273 2982; x_wconf 82' lang='lat' dir='ltr'><strong>foret</strong></span> <span class='ocrx_word' id='word_1_138' title='bbox 288 2915 434 2980; x_wconf 87' lang='lat' dir='ltr'><strong>offensus</strong></span> <span class='ocrx_word' id='word_1_139' title='bbox 449 2925 547 2982; x_wconf 85' lang='lat' dir='ltr'><strong>nutus</strong></span> <span class='ocrx_word' id='word_1_140' title='bbox 562 2940 624 2982; x_wconf 90' lang='lat' dir='ltr'><strong>nec</strong></span> <span class='ocrx_word' id='word_1_141' title='bbox 640 2918 738 3005; x_wconf 79' lang='lat' dir='ltr'><strong>plaga</strong></span> <span class='ocrx_word' id='word_1_142' title='bbox 753 2927 866 2983; x_wconf 82' lang='lat' dir='ltr'><strong>crecta</strong></span> 
     </span>
     <span class='ocr_line' id='line_1_23' title="bbox 105 3030 894 3118; baseline -0.003 -22"><span class='ocrx_word' id='word_1_143' title='bbox 105 3031 295 3118; x_wconf 86' lang='lat' dir='ltr'><strong>principiis:</strong></span> <span class='ocrx_word' id='word_1_144' title='bbox 306 3032 354 3096; x_wconf 77' lang='lat' dir='ltr'><strong>ite</strong></span> <span class='ocrx_word' id='word_1_145' title='bbox 367 3030 413 3094; x_wconf 95' lang='lat' dir='ltr'><strong>nil</strong></span> <span class='ocrx_word' id='word_1_146' title='bbox 427 3053 583 3116; x_wconf 80' lang='lat' dir='ltr'><strong>umquam</strong></span> <span class='ocrx_word' id='word_1_147' title='bbox 598 3039 718 3095; x_wconf 82' lang='lat' dir='ltr'><strong>natura</strong></span> <span class='ocrx_word' id='word_1_148' title='bbox 733 3040 894 3096; x_wconf 81' lang='lat' dir='ltr'><strong>creasset.</strong></span> 
     </span>
    </p>

    <p class='ocr_par' dir='ltr' id='par_1_8' title="bbox 27 3129 971 3687">
     <span class='ocr_line' id='line_1_24' title="bbox 27 3129 967 3230; baseline -0.002 -20"><span class='ocrx_word' id='word_1_149' title='bbox 27 3165 79 3210; x_wconf 75' lang='grc'><strong>225</strong></span> <span class='ocrx_word' id='word_1_150' title='bbox 147 3143 248 3224; x_wconf 88' lang='lat' dir='ltr'><strong>Quod</strong></span> <span class='ocrx_word' id='word_1_151' title='bbox 263 3129 392 3209; x_wconf 81' lang='lat' dir='ltr'><strong>siforte</strong></span> <span class='ocrx_word' id='word_1_152' title='bbox 407 3145 525 3230; x_wconf 81' lang='lat' dir='ltr'><strong>aliquis</strong></span> <span class='ocrx_word' id='word_1_153' title='bbox 541 3143 649 3209; x_wconf 88' lang='lat' dir='ltr'><strong>credit</strong></span> <span class='ocrx_word' id='word_1_154' title='bbox 662 3145 818 3230; x_wconf 80' lang='lat' dir='ltr'><strong>graviora</strong></span> <span class='ocrx_word' id='word_1_155' title='bbox 831 3153 967 3230; x_wconf 87' lang='lat' dir='ltr'><strong>potesse</strong></span> 
     </span>
     <span class='ocr_line' id='line_1_25' title="bbox 103 3259 971 3346; baseline -0.001 -21"><span class='ocrx_word' id='word_1_156' title='bbox 103 3280 251 3346; x_wconf 82' lang='lat' dir='ltr'><strong>corpore</strong></span> <span class='ocrx_word' id='word_1_157' title='bbox 261 3308 268 3334; x_wconf 94' lang='lat'>‚</span> <span class='ocrx_word' id='word_1_158' title='bbox 280 3279 348 3344; x_wconf 92' lang='lat' dir='ltr'><strong>quo</strong></span> <span class='ocrx_word' id='word_1_159' title='bbox 364 3259 460 3324; x_wconf 88' lang='lat' dir='ltr'><strong>citius</strong></span> <span class='ocrx_word' id='word_1_160' title='bbox 475 3267 604 3324; x_wconf 87' lang='lat' dir='ltr'><strong>rectum</strong></span> <span class='ocrx_word' id='word_1_161' title='bbox 616 3279 678 3344; x_wconf 88' lang='lat' dir='ltr'><strong>per</strong></span> <span class='ocrx_word' id='word_1_162' title='bbox 692 3259 790 3322; x_wconf 83' lang='lat' dir='ltr'><strong>inane</strong></span> <span class='ocrx_word' id='word_1_163' title='bbox 804 3259 971 3336; x_wconf 87' lang='lat' dir='ltr'><strong>feruntur,</strong></span> 
     </span>
     <span class='ocr_line' id='line_1_26' title="bbox 102 3373 970 3460; baseline -0.002 -21"><span class='ocrx_word' id='word_1_164' title='bbox 102 3373 254 3439; x_wconf 89' lang='lat' dir='ltr'><strong>incidere</strong></span> <span class='ocrx_word' id='word_1_165' title='bbox 270 3395 313 3437; x_wconf 84' lang='lat' dir='ltr'><strong>ex</strong></span> <span class='ocrx_word' id='word_1_166' title='bbox 328 3395 450 3458; x_wconf 88' lang='lat' dir='ltr'><strong>supero</strong></span> <span class='ocrx_word' id='word_1_167' title='bbox 465 3374 663 3448; x_wconf 88' lang='lat' dir='ltr'><strong>levioribus,</strong></span> <span class='ocrx_word' id='word_1_168' title='bbox 677 3382 779 3459; x_wconf 84' lang='lat' dir='ltr'><strong>etque</strong></span> <span class='ocrx_word' id='word_1_169' title='bbox 793 3375 840 3438; x_wconf 82' lang='lat' dir='ltr'><strong>ite</strong></span> <span class='ocrx_word' id='word_1_170' title='bbox 853 3374 970 3460; x_wconf 84' lang='lat' dir='ltr'><strong>plngus</strong></span> 
     </span>
     <span class='ocr_line' id='line_1_27' title="bbox 101 3487 963 3575; baseline 0.001 -24"><span class='ocrx_word' id='word_1_171' title='bbox 101 3489 258 3575; x_wconf 86' lang='lat' dir='ltr'><strong>gignere,</strong></span> <span class='ocrx_word' id='word_1_172' title='bbox 271 3488 501 3574; x_wconf 82' lang='lat' dir='ltr'><strong>quse&#39;possint</strong></span> <span class='ocrx_word' id='word_1_173' title='bbox 515 3489 665 3573; x_wconf 83' lang='lat' dir='ltr'><strong>genitalis</strong></span> <span class='ocrx_word' id='word_1_174' title='bbox 680 3487 823 3552; x_wconf 89' lang='lat' dir='ltr'><strong>reddere</strong></span> <span class='ocrx_word' id='word_1_175' title='bbox 839 3496 963 3564; x_wconf 89' lang='lat' dir='ltr'><strong>motus,</strong></span> 
     </span>
     <span class='ocr_line' id='line_1_28' title="bbox 101 3577 742 3687; baseline -0.002 -21"><span class='ocrx_word' id='word_1_176' title='bbox 101 3603 198 3666; x_wconf 81' lang='lat' dir='ltr'><strong>avius</strong></span> <span class='ocrx_word' id='word_1_177' title='bbox 213 3623 233 3664; x_wconf 88' lang='lat' dir='ltr'>a</span> <span class='ocrx_word' id='word_1_178' title='bbox 247 3577 329 3665; x_wconf 81' lang='lat' dir='ltr'><strong>vere</strong></span> <span class='ocrx_word' id='word_1_179' title='bbox 341 3601 442 3687; x_wconf 90' lang='lat' dir='ltr'><strong>longe</strong></span> <span class='ocrx_word' id='word_1_180' title='bbox 455 3602 585 3666; x_wconf 83' lang='lat' dir='ltr'><strong>ratione</strong></span> <span class='ocrx_word' id='word_1_181' title='bbox 599 3601 742 3666; x_wconf 86' lang='lat' dir='ltr'><strong>recedit.</strong></span> 
     </span>
    </p>

    <p class='ocr_par' dir='ltr' id='par_1_9' title="bbox 28 3716 1123 4031">
     <span class='ocr_line' id='line_1_29' title="bbox 28 3716 1123 3802; baseline 0.002 -22"><span class='ocrx_word' id='word_1_182' title='bbox 28 3735 78 3780; x_wconf 80' lang='lat' dir='ltr'><strong>rso</strong></span> <span class='ocrx_word' id='word_1_183' title='bbox 99 3738 179 3780; x_wconf 83' lang='lat' dir='ltr'><strong>nam</strong></span> <span class='ocrx_word' id='word_1_184' title='bbox 195 3737 256 3802; x_wconf 91' lang='lat' dir='ltr'><strong>per</strong></span> <span class='ocrx_word' id='word_1_185' title='bbox 270 3736 375 3800; x_wconf 82' lang='lat' dir='ltr'><strong>equas</strong></span> <span class='ocrx_word' id='word_1_186' title='bbox 391 3736 477 3800; x_wconf 81' lang='lat' dir='ltr'><strong>quae</strong></span> <span class='ocrx_word' id='word_1_187' title='bbox 492 3737 633 3802; x_wconf 88' lang='lat' dir='ltr'><strong>cumque</strong></span> <span class='ocrx_word' id='word_1_188' title='bbox 648 3716 774 3782; x_wconf 80' lang='lat' dir='ltr'><strong>cadunt</strong></span> <span class='ocrx_word' id='word_1_189' title='bbox 788 3724 890 3801; x_wconf 83' lang='lat' dir='ltr'><strong>atquc</strong></span> <span class='ocrx_word' id='word_1_190' title='bbox 905 3723 1123 3792; x_wconf 68' lang='lat' dir='ltr'><strong>obturatum,</strong></span> 
     </span>
     <span class='ocr_line' id='line_1_30' title="bbox 99 3828 948 3917; baseline 0.002 -23"><span class='ocrx_word' id='word_1_191' title='bbox 99 3831 188 3894; x_wconf 86' lang='lat' dir='ltr'><strong>haee</strong></span> <span class='ocrx_word' id='word_1_192' title='bbox 202 3852 264 3915; x_wconf 91' lang='lat' dir='ltr'><strong>pro</strong></span> <span class='ocrx_word' id='word_1_193' title='bbox 280 3828 486 3917; x_wconf 85' lang='lat' dir='ltr'><strong>ponderibus</strong></span> <span class='ocrx_word' id='word_1_194' title='bbox 502 3852 599 3894; x_wconf 85' lang='lat' dir='ltr'><strong>casus</strong></span> <span class='ocrx_word' id='word_1_195' title='bbox 615 3831 760 3896; x_wconf 80' lang='lat' dir='ltr'><strong>celerare</strong></span> <span class='ocrx_word' id='word_1_196' title='bbox 775 3840 948 3896; x_wconf 82' lang='lat' dir='ltr'><strong>necessest</strong></span> 
     </span>
     <span class='ocr_line' id='line_1_31' title="bbox 101 3945 962 4031; baseline -0.001 -22"><span class='ocrx_word' id='word_1_197' title='bbox 101 3953 285 4030; x_wconf 81' lang='lat' dir='ltr'><strong>propterea</strong></span> <span class='ocrx_word' id='word_1_198' title='bbox 300 3945 378 4029; x_wconf 84' lang='lat' dir='ltr'><strong>quie</strong></span> <span class='ocrx_word' id='word_1_199' title='bbox 392 3966 515 4029; x_wconf 87' lang='lat' dir='ltr'><strong>eorpus</strong></span> <span class='ocrx_word' id='word_1_200' title='bbox 531 3966 637 4030; x_wconf 84' lang='lat' dir='ltr'><strong>equae</strong></span> <span class='ocrx_word' id='word_1_201' title='bbox 652 3953 839 4031; x_wconf 76' lang='lat' dir='ltr'><strong>naturaque</strong></span> <span class='ocrx_word' id='word_1_202' title='bbox 855 3947 962 4010; x_wconf 85' lang='lat' dir='ltr'><strong>tenvis</strong></span> 
     </span>
    </p>
   </div>
   <div class='ocr_carea' id='block_1_3' title="bbox 100 4253 1231 4492">
    <p class='ocr_par' dir='ltr' id='par_1_10' title="bbox 100 4253 1231 4492">
     <span class='ocr_line' id='line_1_32' title="bbox 101 4253 1230 4327; baseline 0.004 -21"><span class='ocrx_word' id='word_1_203' title='bbox 101 4260 153 4308; x_wconf 80' lang='lat'><strong>203</strong></span> <span class='ocrx_word' id='word_1_204' title='bbox 172 4272 277 4325; x_wconf 88' lang='lat' dir='ltr'><strong>quoquc</strong></span> <span class='ocrx_word' id='word_1_205' title='bbox 295 4253 393 4308; x_wconf 87' lang='lat' dir='ltr'><strong>debent</strong></span> <span class='ocrx_word' id='word_1_206' title='bbox 411 4255 515 4309; x_wconf 84' lang='lat' dir='ltr'><strong>llumme</strong></span> <span class='ocrx_word' id='word_1_207' title='bbox 534 4257 543 4327; x_wconf 70' lang='lat' dir='ltr'><strong>ll</strong></span> <span class='ocrx_word' id='word_1_208' title='bbox 562 4263 610 4309; x_wconf 81' lang='lat'><strong>205</strong></span> <span class='ocrx_word' id='word_1_209' title='bbox 630 4265 755 4326; x_wconf 80' lang='lat' dir='ltr'><strong>quantum</strong></span> <span class='ocrx_word' id='word_1_210' title='bbox 773 4259 842 4311; x_wconf 81' lang='lat' dir='ltr'><strong>inest</strong></span> <span class='ocrx_word' id='word_1_211' title='bbox 861 4258 871 4327; x_wconf 77' lang='grc' dir='ltr'>Η</span> <span class='ocrx_word' id='word_1_212' title='bbox 889 4265 937 4312; x_wconf 94' lang='grc'><strong>209</strong></span> <span class='ocrx_word' id='word_1_213' title='bbox 955 4259 1078 4314; x_wconf 83' lang='lat' dir='ltr'><strong>cederem</strong></span> <span class='ocrx_word' id='word_1_214' title='bbox 1091 4263 1117 4314; x_wconf 90' lang='lat' dir='ltr'><strong>in</strong></span> <span class='ocrx_word' id='word_1_215' title='bbox 1129 4269 1201 4314; x_wconf 80' lang='lat' dir='ltr'><strong>terra</strong></span> <span class='ocrx_word' id='word_1_216' title='bbox 1219 4262 1230 4326; x_wconf 72' lang='lat' dir='ltr'><strong>ll</strong></span> 
     </span>
     <span class='ocr_line' id='line_1_33' title="bbox 101 4339 1231 4418; baseline 0.001 -29"><span class='ocrx_word' id='word_1_217' title='bbox 101 4343 155 4390; x_wconf 83' lang='grc'><strong>210</strong></span> <span class='ocrx_word' id='word_1_218' title='bbox 172 4355 276 4392; x_wconf 82' lang='lat' dir='ltr'><strong>summo</strong></span> <span class='ocrx_word' id='word_1_219' title='bbox 294 4345 423 4392; x_wconf 75' lang='lat' dir='ltr'><strong>mutuum.</strong></span> <span class='ocrx_word' id='word_1_220' title='bbox 443 4339 453 4407; x_wconf 73' lang='lat' dir='ltr'><strong>ll</strong></span> <span class='ocrx_word' id='word_1_221' title='bbox 471 4345 521 4418; x_wconf 84' lang='lat'><strong>218</strong></span> <span class='ocrx_word' id='word_1_222' title='bbox 539 4339 628 4392; x_wconf 87' lang='lat' dir='ltr'><strong>firme.</strong></span> <span class='ocrx_word' id='word_1_223' title='bbox 648 4340 658 4411; x_wconf 71' lang='lat' dir='ltr'><strong>{l</strong></span> <span class='ocrx_word' id='word_1_224' title='bbox 677 4346 726 4392; x_wconf 91' lang='grc'><strong>219</strong></span> <span class='ocrx_word' id='word_1_225' title='bbox 744 4339 810 4394; x_wconf 89' lang='lat' dir='ltr'><strong>locis</strong></span> <span class='ocrx_word' id='word_1_226' title='bbox 829 4343 915 4410; x_wconf 84' lang='lat' dir='ltr'><strong>spatio</strong></span> <span class='ocrx_word' id='word_1_227' title='bbox 933 4341 1066 4413; x_wconf 83' lang='lat' dir='ltr'><strong>depellere</strong></span> <span class='ocrx_word' id='word_1_228' title='bbox 1084 4345 1094 4412; x_wconf 78' lang='grc' dir='ltr'>Η</span> <span class='ocrx_word' id='word_1_229' title='bbox 1112 4347 1161 4393; x_wconf 87' lang='grc'><strong>222</strong></span> <span class='ocrx_word' id='word_1_230' title='bbox 1177 4339 1231 4390; x_wconf 86' lang='lat' dir='ltr'><strong>lm·</strong></span> 
     </span>
     <span class='ocr_line' id='line_1_34' title="bbox 100 4420 557 4492; baseline 0.004 -20"><span class='ocrx_word' id='word_1_231' title='bbox 100 4422 166 4473; x_wconf 73' lang='lat' dir='ltr'><strong>brer</strong></span> <span class='ocrx_word' id='word_1_232' title='bbox 183 4421 194 4490; x_wconf 92' lang='grc' dir='ltr'><strong>ΙΙ</strong></span> <span class='ocrx_word' id='word_1_233' title='bbox 212 4427 261 4473; x_wconf 86' lang='grc'><strong>227</strong></span> <span class='ocrx_word' id='word_1_234' title='bbox 279 4421 355 4492; x_wconf 77' lang='lat' dir='ltr'><strong>plag.</strong></span> <span class='ocrx_word' id='word_1_235' title='bbox 373 4421 384 4489; x_wconf 84' lang='grc' dir='ltr'><strong>ΙΙ</strong></span> <span class='ocrx_word' id='word_1_236' title='bbox 404 4427 452 4472; x_wconf 92' lang='grc'><strong>229</strong></span> <span class='ocrx_word' id='word_1_237' title='bbox 471 4420 557 4474; x_wconf 80' lang='lat' dir='ltr'><strong>Aulus</strong></span> 
     </span>
    </p>
   </div>
   <div class='ocr_carea' id='block_1_4' title="bbox 0 0 1478 5188">
    <p class='ocr_par' dir='ltr' id='par_1_11' title="bbox 0 0 1478 5188">
     <span class='ocr_line' id='line_1_35' title="bbox 0 0 1478 5188; baseline 0 2"><span class='ocrx_word' id='word_1_238' title='bbox 0 0 1478 5188; x_wconf 95' lang='lat' dir='ltr'><strong> </strong></span> 
     </span>
    </p>
   </div>
  </div>
 </body>
</html>
