2990 5202
288 504 359 572 230
819 500 869 567 IV

288 687 455 762 uterque,
478 681 652 739 corrector
677 673 814 759 oblongi
831 675 1004 760 pertimet.
1027 694 1143 738 verum
1158 672 1313 738 ordinem
1328 693 1401 736 ver-

289 797 385 840 suum
401 773 565 838 Marullus
580 773 782 836 monstravit
797 780 831 837 et
846 773 901 837 hic
917 781 951 836 et
966 771 1068 857 paulo
1085 777 1183 857 post,
1197 771 1276 835 261.

352 872 442 954 ¹253.
459 893 617 935 nsvorn
640 893 840 934 vrnrrua.
856 871 908 934 lta
919 869 1127 956 quadratus:
1143 870 1214 933 eius
1226 877 1403 934 corrector

290 991 471 1034 annosa.
487 969 554 1034 hoc
568 970 678 1054 ipsum
693 969 861 1055 oblongus
876 970 997 1043 habet.
1009 968 1070 1034 sed
1086 974 1157 1032 tres
1171 969 1298 1052 primas
1313 966 1402 1030 litte-

291 1090 347 1132 ras
361 1089 458 1132 manu
475 1068 643 1132 Saxonica
660 1067 693 1131 in
708 1067 826 1131 litura.

372 1165 441 1230 261.
458 1187 539 1228 nou
562 1187 720 1228 sainna
743 1186 957 1241 eunucus.
973 1161 1404 1246 RecteGilanius(sedde

289 1273 384 1328 cetere
405 1264 507 1327 codice
524 1263 599 1346 ipse
620 1261 763 1344 viderit)
786 1281 966 1326 rarvnu.
987 1260 1054 1324 hoc
1076 1261 1162 1324 enim
1184 1261 1321 1346 agitur,
1343 1262 1404 1324 siri-

342 1385 363 1424 o
377 1359 457 1424 258.

287 1361 344 1445 Μ
372 1457 443 1522 262.
466 1460 548 1522 San
569 1479 694 1520 unare
717 1477 929 1521 uuonsun.
951 1454 1032 1518 Pius
1050 1449 1149 1520 ‘Sunt
1172 1455 1230 1540 qui
1249 1455 1405 1520 scribunt.

290 1579 450 1620 acumen
465 1577 527 1640 pro
542 1556 735 1619 universum
744 1556 759 1617 .'
781 1555 871 1619 idem
886 1553 1112 1618 Pacuvianum
1126 1577 1220 1618 nacae
1234 1553 1351 1618 attulit
1364 1575 1404 1617 cx

291 1653 402 1717 Nonio
417 1675 449 1737 p.
461 1653 529 1727 183,
538 1651 597 1716 20.
612 1652 699 1717 haec
709 1651 940 1716 Wakefieldus
954 1673 1117 1716 moeream
1131 1659 1166 1714 et
1180 1673 1308 1715 wuorm
1323 1653 1405 1714 scri-

290 1749 405 1814 benda
418 1749 597 1825 iudicavit3
609 1751 667 1834 qui
682 1749 831 1815 debebat
845 1749 973 1814 addere
986 1750 1022 1813 in
1036 1757 1173 1814 senatus
1189 1749 1348 1814 consulto
1363 1749 1406 1813 dc

290 1847 559 1912 Bacchanalibus
574 1848 665 1912 facto
681 1869 815 1913 revera
836 1849 886 1913 ita
900 1849 1066 1934 scriptum
1081 1869 1156 1912 esse
1169 1848 1305 1912 ἠωιιὶιιεε
1312 1850 1406 1934 plone

291 1969 314 2010 v
329 1947 492 2010 οἰηυονεεί.
506 1967 548 2010 cx
563 1968 630 2032 quo
645 1947 792 2032 intellegi
806 1955 920 2032 potest
932 1967 1033 2031 quam
1045 1947 1160 2031 inepte
1171 1955 1315 2031 propter
1331 1968 1405 2010 ver-

292 2065 365 2108 sum
379 2047 392 2106 i
405 2045 533 2109 vocalis
549 2045 673 2108 extrita
693 2065 768 2109 esse
790 2053 982 2119 statuatur,
1005 2065 1080 2108 cum
1100 2045 1134 2108 in
1154 2045 1295 2109 merim
1317 2045 1405 2108 etin

291 2143 371 2206 ιιιιάε
385 2144 533 2229 octopinta
549 2163 645 2206 nemo
661 2164 820 2227 umquam
835 2163 907 2207 cam
922 2143 1068 2207 litteram
1088 2143 1249 2226 scriptam
1264 2142 1405 2209 viderit.

292 2248 326 2304 et
340 2244 524 2306 rananimucs
535 2249 637 2325 atque
647 2242 795 2314 ιιιιοοιιίω
806 2239 1058 2325 antiquissimos
1069 2249 1226 2305 auctores
1237 2240 1405 2312 habeant,

291 2339 372 2402 item
385 2342 549 2424 armoinus
563 2339 646 2402 satis
661 2340 839 2423 antiquos.
856 2359 1058 2422 quamquam
1070 2360 1137 2403 uon
1148 2359 1235 2424 nego
1247 2339 1406 2404 Plautum

292 2457 425 2521 semper
439 2440 598 2500 univorsos
613 2445 775 2521 quattuor
790 2436 930 2522 syllabis
945 2435 1092 2513 dixisse,
1107 2457 1215 2521 neque
1227 2437 1406 2502 Claudium

203 2527 205 2534 ’
299 2535 483 2598 Unimanum
497 2535 634 2618 ignoro,
646 2556 756 2618 neque
770 2538 933 2620 terripeuam
945 2534 1084 2599 Catulli·
1094 2535 1198 2600 nihilo
1209 2537 1319 2600 minus
1332 2557 1405 2602 cum

294 2628 428 2696 duobus
447 2631 572 2694 sacculi
593 2633 635 2695 ab
659 2633 743 2694 urbe
764 2630 902 2696 condita
924 2633 1056 2717 septimi
1072 2634 1297 2719 scriptoribus
1312 2659 1406 2699 unor-

292 2750 359 2790 sam
374 2735 409 2790 et
422 2750 550 2806 neumae,
565 2728 620 2791 vel
635 2728 726 2812 quod
742 2728 832 2792 idem
847 2739 900 2793 est
914 2755 1021 2805 auore,
1036 2731 1138 2794 tribui
1149 2731 1300 2807 videam,
1316 2733 1406 2796 malo

295 2846 353 2888 ecs
373 2825 421 2888 ita
442 2823 568 2890 dixisse
589 2825 751 2901 credere,
773 2827 976 2914 oprodnctc
997 2837 1036 2892 ut
1055 2829 1087 2891 in
1102 2853 1249 2914 proruam
1262 2833 1404 2896 deomena

292 2947 449 3002 semaam,
472 2945 571 3008 quam
594 2923 720 2990 forinas
741 2926 804 2990 illia
826 2927 972 2991 fortasse
987 2927 1142 2992 duriores
1157 2929 1247 2992 visas
1261 2930 1405 2994 inferre.

293 3029 440 3085 ceterum
453 3031 628 3088 corrector
638 3024 797 3108 quadrati
808 3027 874 3089 iarn
885 3025 1068 3112 adscripsit
1081 3027 1130 3090 cel
1140 3049 1321 3092 cervernum:
1332 3029 1405 3092 hla-

293 3119 398 3183 rullus
413 3122 595 3199 imantia,
610 3123 776 3187 Aventius
790 3125 961 3202 incursum,
976 3124 1158 3188 Lambinus
1172 3146 1353 3189 cameratam.

374 3218 445 3280 267.
461 3241 555 3282 rasa
577 3219 787 3284 Duarrrsn
803 3268 810 3285 .
828 3221 1025 3300 Quadratus
1037 3223 1198 3288 Danielem
1209 3225 1317 3290 et294
1330 3226 1404 3290 Pla·

291 3319 400 3380 niciam
417 3361 423 3377 .
447 3318 518 3379 cius
533 3326 708 3381 corrector
723 3327 758 3382 ct
772 3321 875 3383 ceteri
891 3341 1033 3383 insin.

374 3413 444 3474 270.
461 3435 635 3477 rsurrus
651 3436 813 3478 nemora
829 3437 1027 3480 vrnarua.
1043 3417 1405 3497 Quadratusrommotc.

292 3510 354 3574 sed
371 3531 470 3574 versu
481 3510 543 3575 288
553 3521 734 3596 utrumque
750 3515 920 3599 exemplar
935 3537 1114 3590 serore,
1127 3517 1299 3600 quomodo
1312 3529 1406 3584 recte

292 3606 347 3671 hio
359 3628 494 3692 quoque
506 3610 644 3693 scripsit
653 3611 817 3676 Marullus
828 3661 834 3676 .
845 3613 949 3697 idque
961 3633 1001 3676 eo
1013 3613 1117 3698 magis
1129 3611 1324 3680 faciendum
1336 3629 1406 3684 est.

293 3704 385 3789 quod
401 3727 520 3771 versus
535 3708 578 3771 ab
594 3707 660 3772 hoc
674 3709 875 3774 vicensimus
890 3710 958 3774 huc
972 3711 1102 3775 retrahi
1117 3711 1237 3786 debet,

373 3802 443 3868 290.
456 3803 568 3869 Iners
581 3827 861 3882 Qurnannunr
874 3829 1407 3888 srrcnnoaunnxaaouoaa

291 3922 413 3965 visun
429 3927 436 3980 3
459 3904 517 3988 qui
531 3904 598 3968 illic
613 3906 814 3968 sententiam
828 3906 876 3968 ita
891 3907 1078 3990 pervertit,
1100 3915 1138 3970 ut
1153 3906 1408 3985 Wakefieldus‚

292 3999 349 4081 qui
364 4021 439 4064 eum
453 4002 545 4065 solus
559 4001 777 4088 interpretari
793 4023 972 4089 aggressus
988 4012 1059 4076 cst,
1075 4004 1157 4069 nihil
1168 4006 1232 4070 nisi
1245 4009 1343 4092 quod
1359 4013 1409 4075 in-

291 4097 438 4162 sanienti
458 4101 655 4164 conveniret
675 4099 808 4166 efficere
827 4104 1000 4189 potuerit.
1020 4097 1105 4182 'Qua
1124 4125 1161 4167 re
1183 4106 1285 4169 etiam
1302 4117 1411 4195 ablue

291 4197 390 4259 etiam
406 4195 538 4258 minima
553 4205 605 4260 cst
620 4221 682 4283 par
697 4200 761 4265 illis
775 4203 927 4266 mirarier
938 4203 1020 4286 (aa),
1033 4223 1118 4287 quae
1134 4203 1286 4270 reddunt
1297 4209 1410 4274 visum

290 4316 332 4358 cx
354 4315 502 4378 aequore
522 4296 734 4380 speculorum
757 4298 843 4362 binis
867 4300 1023 4365 alitibus:
1045 4301 1064 4366 i.
1082 4322 1108 4364 e.
1130 4300 1182 4365 llli
1196 4302 1325 4388 igitur,
1350 4309 1409 4392 qui

290 4391 546 4476 phaenornenon
561 4394 715 4480 imaginis
731 4396 763 4457 in
779 4395 917 4478 speculo
930 4420 991 4482 per
1001 4397 1147 4462 medium
1159 4397 1306 4484 duplicis
1319 4405 1410 4467 aeris

288 4488 458 4575 explicant
468 4539 476 4566 ,
485 4492 615 4555 minime
628 4493 740 4556 mirari
753 4491 879 4558 debent
888 4497 1181 4562 rationesnostras
1190 4543 1198 4573 ‚
1208 4521 1298 4582 quae
1306 4501 1408 4566 simili
