3034 5204
660 471 711 542 VI

109 648 305 734 conspicias
320 647 461 722 hominis
471 696 479 723 ‚
491 648 528 712 fit
541 656 580 713 ut
595 649 701 712 omnis
717 647 829 713 dicere
845 671 963 715 causas

109 764 294 827 conveniat
308 764 383 838 leti,
395 761 526 827 dicatur
540 770 579 827 ut
592 763 678 826 iilius
694 783 775 827 una:

110 899 194 941 nam
208 897 318 961 neque
333 898 405 940 eum
420 876 511 941 ferro
526 898 589 940 nec
603 877 727 962 frigore
742 877 876 942 vincere
891 879 1003 963 possis

109 991 282 1055 interiisse
296 1011 406 1076 neque
421 1011 441 1053 a
454 991 573 1055 morbo
589 1012 698 1077 neque
713 992 801 1056 sorte
816 1011 963 1068 veneno,

42 1125 87 1170 :ic
112 1127 234 1171 verum
248 1103 374 1190 aliquid
388 1125 510 1190 genere
526 1127 600 1170 esse
615 1128 657 1170 ex
671 1107 739 1171 hoc
754 1104 847 1192 quod
862 1107 1001 1192 contigit
1016 1107 1045 1169 ei

111 1221 238 1286 scimus
248 1267 255 1281 .
266 1219 392 1284 itcm'in
407 1220 520 1284 multis
533 1219 601 1284 hoc
615 1222 716 1285 rebus
732 1219 842 1284 dicere
857 1220 1034 1285 habemus.

155 1334 253 1399 Nilus
267 1333 301 1397 in
315 1341 477 1400 aestatem
492 1335 613 1400 crescit
628 1334 820 1421 campisque
835 1333 1019 1411 redundat,

110 1449 232 1513 unicus
246 1447 280 1511 in
295 1449 392 1512 terris
407 1449 554 1536 Aegypti
568 1449 672 1514 totius
687 1449 805 1513 amnis.

110 1566 143 1628 is
157 1563 247 1648 rigat
259 1563 450 1650 Aegyptum
464 1561 607 1626 medium
622 1585 683 1649 per
698 1584 799 1648 saepe
813 1563 976 1638 calorem,

41 1697 85 1742 tis
110 1686 174 1742 aut
188 1677 266 1762 quie
280 1684 359 1742 sunt
374 1684 502 1742 aestate
517 1678 692 1762 aquilones
707 1679 793 1743 ostia
806 1683 939 1757 contra,

111 1791 193 1854 anni
207 1799 358 1876 tempore
374 1813 414 1854 eo
431 1793 487 1878 qui
503 1793 626 1856 etesiae
642 1813 716 1856 esse
730 1792 898 1867 feruntur,

112 1912 148 1969 et
163 1913 281 1970 contra
294 1905 429 1970 fluvium
443 1905 563 1970 ssantes
578 1911 787 1971 remorantur
803 1915 837 1970 ct
850 1906 959 1970 undas

112 2028 276 2105 cogentes
290 2043 407 2086 sursus
421 2021 553 2106 replent
567 2027 758 2107 cegtmtque
772 2028 920 2084 manere.

112 2156 192 2197 nam
207 2133 307 2198 dnbio
322 2135 441 2220 procul
454 2134 539 2199 hacc
554 2135 699 2199 adverso
714 2134 820 2199 ssebre
834 2134 986 2199 feruntur

14 2239 15 2262 ¹
42 2267 88 2313 :ec
112 2247 263 2324 flumine,
275 2269 360 2334 quae
374 2248 492 2336 gelidis
508 2251 549 2314 ab
565 2248 670 2313 stellis
685 2249 757 2312 axis
771 2255 932 2334 aguntur:

112 2363 168 2427 ille
184 2385 225 2428 ex
240 2363 395 2428 aestifera
411 2363 497 2449 parti
512 2363 603 2427 venit
617 2361 722 2426 amnis
737 2363 778 2426 ab
793 2370 927 2436 austro,

112 2479 202 2542 inter
216 2477 311 2562 nigra
324 2478 430 2542 virum
445 2484 605 2564 percocto
621 2476 732 2540 saecla
746 2476 859 2540 colore
926 2487 928 2496 '

14 2571 15 2664 i
114 2591 269 2656 exoriens
284 2593 417 2678 penitus
431 2590 541 2656 media
555 2592 597 2656 ab
612 2591 749 2678 regione
764 2589 844 2654 diei.

14 2669 15 2714 t
114 2714 167 2771 est
182 2727 317 2792 quoque
330 2707 380 2770 uti
394 2707 503 2792 possit
516 2727 655 2792 magnus
671 2714 851 2792 congestus
866 2706 1011 2770 harenae

45 2839 89 2884 :25
113 2821 268 2886 fluctibus
284 2819 435 2885 adversis
451 2822 600 2906 oppilare
615 2823 702 2886 ostia
717 2827 849 2894 contra,

14 2977 15 2980 =
116 2957 189 3000 eum
204 2957 294 2999 marc
309 2942 494 3020 permotum
509 2936 618 3000 ventis
633 2937 700 2999 ruit
714 2936 804 2999 intus
819 2934 993 3010 hareuem3

14 3043 15 3050 ἵ
117 3072 184 3136 quo
199 3049 237 3114 iit
250 3051 299 3114 uti
314 3057 414 3136 pacto
430 3049 512 3113 liber
526 3050 633 3113 minus
649 3049 757 3112 exitus
772 3048 860 3110 amni

19 3144 22 3150 ¹
116 3171 150 3228 et
164 3164 320 3249 proclivis
333 3164 412 3228 item
425 3163 484 3228 fiat
498 3163 605 3226 minus
620 3162 764 3246 impetus
778 3159 892 3226 undis.

115 3278 153 3342 fit
167 3300 301 3365 quoque
315 3279 363 3343 uti
378 3277 510 3364 pluviae
520 3326 527 3352 ‚
538 3276 672 3352 forsan,
682 3275 786 3361 magis
802 3275 845 3339 ad
860 3282 963 3362 caput
977 3276 1007 3338 ei

47 3411 92 3458 teo
114 3401 265 3478 tempore
280 3415 320 3457 eo
334 3393 433 3468 fiant,
445 3390 538 3478 quod
554 3392 658 3456 etesia
671 3390 777 3455 flabra
792 3389 983 3475 aquilonum

14 3583 15 3586 Ἴ
115 3509 229 3573 nubile
244 3507 411 3572 coniciunt
425 3507 459 3570 in
475 3528 532 3570 cas
548 3517 628 3572 tunc
643 3507 753 3570 omnia
767 3505 887 3593 pertis:

14 3621 15 3644 ¹
116 3623 257 3698 scilicet,
269 3621 313 3686 ad
327 3619 468 3686 mediam
484 3622 652 3707 regionem
668 3622 774 3685 eiecta
789 3617 853 3682 (liei

117 3759 191 3801 cum
206 3743 451 3810 convenerunt,
462 3735 508 3798 ibi
522 3735 566 3799 ad
581 3735 667 3800 altos
682 3733 826 3818 denique
840 3734 963 3798 montis

116 3861 295 3917 contrusae
309 3853 416 3916 nubes
431 3857 596 3935 eoguntur
610 3849 711 3935 vique
725 3855 935 3935 premuntur.

48 3981 93 4028 ¹:35
114 3964 257 4030 forsitan
272 3965 474 4051 Aethiopum
488 3963 622 4049 penitus
638 3962 681 4027 de
696 3964 865 4028 montibus
879 3961 956 4025 altis

118 4252 170 4298 708
188 4245 310 4316 Namque
336 4245 347 4318 ΙΙ
370 4253 419 4300 710
444 4245 541 4300 Utrum
559 4261 658 4317 genere
676 4244 775 4314 aliquid
798 4245 808 4312 ΙΙ
833 4241 983 4314 conticitcl.
1007 4239 1018 4310 ΙΙ
1041 4246 1090 4295 716
1114 4243 1211 4295 etesire
1234 4237 1244 4310 ΙΙ

117 4333 169 4382 719
187 4329 272 4383 flabro
291 4331 301 4398 11
321 4335 368 4381 723
388 4327 504 4382 Exorins
525 4327 536 4397 tl
555 4335 603 4382 726
623 4329 663 4382 rui
681 4328 691 4397 Η
710 4334 759 4382 727
778 4326 875 4379 amnis.
895 4324 905 4394 ΙΙ
924 4331 973 4378 730
992 4342 1044 4396 quo
