2972 5188
275 467 344 538 306
426 555 436 570 ,
812 461 845 530 v

272 642 350 707 litus
363 639 458 726 upud
470 637 658 702 Charisium
673 656 704 721 p.
717 635 754 700 17
756 637 775 700 'l
791 643 935 722 apparet
947 637 983 700 in
997 635 1111 700 verbis
1122 636 1238 721 Aspri.
1252 637 1284 700 is
1300 639 1393 702 euim

274 740 317 804 de
327 735 559 810 Sallustium,
581 732 676 819 quod
696 739 750 796 est
767 734 904 798 courum
921 733 1081 796 eumcum
1094 743 1136 798 est
1154 734 1320 819 Tryruuis,
1344 737 1394 800 its

274 834 481 924 quaesivisse
500 832 643 905 dicitur,
668 830 805 894 Celerum
825 829 973 915 mommio
988 830 1122 914 ροιίιιιιη
1141 829 1209 895 esti
1223 854 1288 916 pro
1310 833 1391 896 clio

273 938 348 1024 quin
358 931 531 1016 lulioquiu
551 927 636 1011 (hoo
652 928 739 992 enim
754 927 806 992 bis
822 925 1038 992 scribendum
1053 929 1124 1012 est)
1144 929 1307 994 cucullium
1330 941 1391 993 est.

274 1057 315 1098 au
324 1055 386 1118 pro
399 1030 563 1105 relicuum,
578 1037 612 1090 ul
623 1027 662 1090 sit
674 1022 806 1088 umnec?
820 1024 947 1088 relicum
962 1013 1120 1088 cornilium
1133 1035 1191 1088 est.
1206 1045 1298 1109 quae
1309 1025 1390 1090 Lin-

274 1132 459 1197 (lemannus
469 1126 519 1190 rte
530 1123 684 1188 d1st1mut
694 1131 732 1188 ut
742 1121 891 1208 intellegi
899 1122 1123 1205 nonpossint
1136 1130 1189 1186 est
1197 1129 1313 1188 sutem
1323 1121 1390 1188 Os·

274 1247 389 1296 corum
403 1250 426 1290 u
439 1229 681 1290 consonantem
696 1219 809 1284 facere
824 1241 887 1306 pro
903 1218 1031 1294 vocali,
1053 1240 1112 1304 qm
1102 1217 1289 1284 'dixerunt
1306 1222 1389 1306 Cup-

272 1349 342 1395 uam
363 1336 390 1390 et
410 1324 579 1402 Pacuimn5
601 1316 694 1403 quod
709 1316 915 1382 Theodorus
929 1317 1170 1382 Mommsenius
1191 1339 1304 1402 nuper
1326 1317 1388 1382 do-

273 1425 361 1489 cuit.
382 1422 499 1506 itaque
513 1419 626 1482 Varro
642 1417 790 1480 Pacuium
808 1416 842 1480 in
863 1416 933 1480 suis
956 1414 998 1480 de
1019 1415 1133 1501 lingue
1146 1413 1272 1478 Latina
1293 1415 1389 1480 libris

274 1523 341 1608 (sic
357 1519 427 1584 lere
443 1537 576 1600 semper
590 1513 824 1597 Florentinus)
845 1513 934 1576 etin
957 1511 1195 1599 epigrammate
1217 1512 1316 1598 quod
1338 1525 1390 1577 est

274 1616 367 1703 apud
381 1615 528 1680 Nonium
541 1634 573 1698 p.
582 1611 661 1686 88,4
676 1657 684 1686 ,
707 1611 802 1674 Pacci
816 1609 911 1694 (libri
924 1611 1094 1694 Pacuuium)
1109 1611 1278 1696 &sepulte
1292 1613 1389 1686 dicor,

269 1737 367 1801 porro
380 1713 479 1799 isfuit
491 1711 577 1776 Enni
584 1757 593 1788 ,
609 1708 723 1774 Eruiu
737 1731 917 1774 muranum:
938 1709 1106 1794 Pompilius
1120 1709 1242 1772 clucet.
1265 1708 1388 1774 eodem

275 1812 423 1898 pertinet
439 1809 558 1873 Vesvius
568 1827 682 1886 mons,
699 1805 756 1890 qui
772 1827 792 1870 s
806 1804 898 1870 nullo
907 1812 1086 1889 poetarum
1096 1805 1208 1872 dietus
1224 1813 1279 1870 est
1295 1807 1388 1870 lucri-

274 1912 358 1989 rius,
383 1906 476 1993 quod
496 1925 618 1970 nomen
639 1903 704 1968 luit
724 1926 767 1968 ex
782 1903 936 1970 omnibus
950 1905 1131 1970 brevibus.
1153 1925 1192 1968 sc
1213 1906 1390 1988 posterior

276 2017 371 2074 aetas
386 2006 486 2069 etium
499 2024 691 2089 supernaque
704 2011 738 2066 et
750 2024 949 2087 uspercacmu
961 1999 1062 2066 dixit.
1076 2003 1141 2066 ium
1155 2003 1272 2066 relicuo
1288 2003 1389 2066 simil·

274 2105 389 2170 limum
410 2111 463 2168 est
483 2103 654 2176 delirum,
678 2097 771 2183 quod
791 2098 928 2184 legebat
948 2099 984 2162 in
999 2097 1122 2163 Casina
1135 2098 1249 2164 Plauti
1263 2123 1301 2174 11,
1309 2099 1388 2172 233

274 2203 387 2268 Varro
404 2200 447 2266 de
461 2200 575 2284 lingue
588 2197 711 2260 Latine
724 2218 773 2260 vn
788 2217 821 2280 p.
830 2197 891 2260 384
907 2203 941 2260 et
954 2195 1060 2262 habet
1073 2205 1172 2262 vetus
1187 2195 1317 2272 codex,
1331 2198 1388 2262 alii

275 2302 383 2364 minus
406 2283 487 2363 boni
508 2296 693 2380 deliquium,
714 2292 840 2358 Paulus
862 2293 1025 2357 diaconus
1040 2295 1122 2378 poli
1141 2295 1297 2381 deliqoum
1317 2297 1388 2358 sive

275 2398 460 2483 deliquium.
481 2393 535 2456 his
548 2392 652 2477 igitur
668 2413 708 2456 ec
723 2413 810 2476 quae
826 2390 935 2456 eidem
948 2391 1085 2477 regulae
1100 2393 1278 2457 subiacent
1291 2394 1387 2478 puris

275 2502 373 2567 sunt,
394 2495 541 2576 inqenuus
558 2501 721 2574 perpetums
730 2537 740 2568 ‚
762 2489 908 2554 odoldum
927 2491 1067 2554 residem
1085 2491 1213 2575 emyuus
1228 2491 1387 2576 melpum

270 2593 459 2677 praes-lpum
472 2587 632 2648 mucidum
639 2588 822 2670 perspicuum
837 2589 1174 2672 communicantium.
1190 2587 1387 2673 discrepent

275 2687 419 2770 primum
435 2681 557 2764 quibus
567 2682 652 2764 prod
665 2690 700 2745 et
713 2682 787 2744 imlu
802 2691 1074 2767 praeponuntur,
1086 2687 1236 2770 prodique
1249 2687 1385 2770 indique,

277 2781 322 2846 ed
338 2799 480 2866 quorum
496 2776 683 2860 exemplum
697 2777 904 2843 recentiores
918 2779 1072 2844 feceruut
1093 2781 1264 2868 disprepus,
1286 2805 1385 2868 seqre·

272 2903 351 2964 pus,
373 2897 447 2940 cum
469 2874 693 2958 antiquissimi
708 2877 878 2962 prodipucs
891 2877 1002 2942 losum
1017 2878 1201 2954 dixissent,
1224 2879 1319 2964 quod
1334 2891 1386 2944 est

275 2976 367 3062 apud
381 2973 518 3040 Festum
532 2994 565 3057 p.
574 2971 693 3050 250‚9;
715 2970 838 3037 deinde
851 2973 888 3036 in
902 2974 1024 3060 quibus
1037 2975 1236 3062 incorrupte
1251 2987 1305 3042 est
1318 3000 1384 3042 me·

276 3075 333 3141 die
348 3071 507 3158 simplicis
522 3069 654 3156 syllaba
674 3091 747 3134 cum
770 3070 881 3135 vocsli
902 3092 964 3135 sus
984 3082 1119 3156 praeter
1141 3098 1175 3147 e,
1198 3077 1385 3160 couprudus,

275 3175 394 3238 inuidm
404 3171 551 3257 providus
565 3169 683 3234 liuidus
698 3169 760 3252 (sie
772 3176 864 3232 recte
877 3189 897 3232 e
907 3169 1066 3234 diuidendo
1076 3170 1199 3234 Accius
1212 3171 1305 3256 apud
1317 3173 1384 3236 No-

275 3273 365 3337 nium
393 3293 426 3356 p.
438 3269 488 3344 95,
499 3269 558 3352 25)
581 3267 717 3355 perfidus
744 3267 863 3346 obuium
892 3269 1029 3332 dissonus
1054 3269 1220 3353 imerpolus
1244 3271 1386 3334 sudetur
1479 3257 1480 3282 ¹

275 3369 448 3434 commodus
458 3365 603 3452 reprobus
607 3387 782 3450 praecoque
791 3365 912 3451 relnque
923 3362 1005 3449 (hoc
1015 3365 1101 3430 enim
1111 3364 1227 3429 lexicis
1238 3365 1383 3431 inferen-

276 3465 356 3530 dum
373 3472 483 3528 estex
499 3461 653 3526 Varrone
669 3459 711 3525 de
726 3460 839 3548 lingua
852 3461 974 3526 Latine
988 3484 1022 3526 vr
1037 3485 1069 3547 p.
1078 3462 1159 3537 233,
1180 3461 1267 3527 ΗΜ
1280 3465 1385 3528 dicun-
1478 3525 1479 3530 ,

274 3574 325 3626 luc
335 3563 486 3648 eloquium
498 3583 536 3624 ac
544 3561 663 3645 reloqui
677 3561 710 3622 in
716 3558 807 3644 sanic
817 3559 941 3624 Sabinis
954 3585 971 3624 e
985 3561 1063 3625 cella
1072 3561 1122 3624 dei
1132 3563 1203 3648 quei
1212 3563 1385 3649 Ιοᾳιιυηιιιν,

275 3659 334 3724 ubi
353 3657 569 3724 Florentinus
592 3679 629 3719 ac
649 3657 760 3741 reliqui
779 3659 887 3744 etqui
907 3658 1104 3744 clepsermtur)
1115 3706 1123 3738 ,
1140 3658 1295 3745 prosupus
1316 3683 1385 3724 cun-

271 3780 368 3844 prmu
377 3755 549 3845 umerflum
559 3755 954 3845 (quamqucmprqluuius
964 3777 1100 3842 quoquc
1112 3764 1182 3831 est,
1197 3763 1236 3821 ut
1247 3759 1387 3822 aarum

275 3863 311 3920 et
331 3857 474 3931 ollium,
493 3853 540 3919 tis
561 3874 629 3939 quo
652 3852 722 3917 dixi
742 3854 777 3916 in
799 3874 914 3918 museo
933 3853 1097 3920 Rheneuo
1119 3875 1229 3930 novo,
1251 3875 1281 3918 s
1307 3855 1386 3920 1845

275 3951 414 4036 p.611):
437 3951 500 4018 sed
520 3952 684 4039 consrapm
704 3973 724 4016 e
736 3951 914 4037 sruupcudo
935 3973 1046 4038 neque
1069 3953 1217 4018 anticum
1237 3963 1386 4026 estnec,

274 4059 377 4134 puto
388 4057 479 4114 recte
490 4048 633 4114 factum
643 4071 713 4114 non
720 4047 892 4133 pertinen
903 4057 1015 4114 eutem
1024 4049 1092 4116 huc
1104 4072 1191 4136 quse
1203 4051 1275 4116 sine
1286 4071 1385 4136 pree·

275 4145 443 4259 positione
457 4167 527 4210 nou
541 4147 649 4210 minus
663 4147 795 4230 integra
808 4155 960 4221 manent,
974 4148 1120 4212 seleucus
1127 4171 1285 4234 per-capus
1298 4171 1385 4212 cous·

275 4247 359 4324 cius,
380 4267 585 4330 sapervacuum
605 4246 766 4330 iuriqum5
796 4263 864 4328 quo
886 4245 1027 4310 lividum
1047 4245 1259 4311 referendum
1282 4255 1385 4330 puto,

275 4339 368 4428 quod
382 4340 535 4428 plerique
548 4342 597 4405 ita
612 4341 787 4416 dixerunt,
807 4341 937 4408 scilicet
952 4344 1074 4408 auidus
1089 4343 1240 4410 similiter
1256 4341 1384 4408 deduc·
