<?xml version="1.0" encoding="UTF-8"?>
<!DOCTYPE html PUBLIC "-//W3C//DTD XHTML 1.0 Transitional//EN"
    "http://www.w3.org/TR/xhtml1/DTD/xhtml1-transitional.dtd">
<html xmlns="http://www.w3.org/1999/xhtml" xml:lang="en" lang="en">
 <head>
  <title>
</title>
<meta http-equiv="Content-Type" content="text/html;charset=utf-8" />
  <meta name='ocr-system' content='tesseract 3.04.00' />
  <meta name='ocr-capabilities' content='ocr_page ocr_carea ocr_par ocr_line ocrx_word'/>
</head>
<body>
  <div class='ocr_page' id='page_1' title='image "./intlucretiicari00lachgoog_0507.png"; bbox 0 0 2972 5188; ppageno 0'>
   <div class='ocr_carea' id='block_1_1' title="bbox 264 519 849 632">
    <p class='ocr_par' dir='ltr' id='par_1_1' title="bbox 264 519 849 632">
     <span class='ocr_line' id='line_1_1' title="bbox 264 519 849 632; baseline -0.009 -40"><span class='ocrx_word' id='word_1_1' title='bbox 264 523 340 632; x_wconf 33' lang='lat'>‚250</span> <span class='ocrx_word' id='word_1_2' title='bbox 800 519 849 588; x_wconf 85' lang='grc' dir='ltr'><strong>ιν</strong></span> 
     </span>
    </p>
   </div>
   <div class='ocr_carea' id='block_1_2' title="bbox 268 679 1384 785">
    <p class='ocr_par' dir='ltr' id='par_1_2' title="bbox 268 679 1384 785">
     <span class='ocr_line' id='line_1_2' title="bbox 268 679 1384 785; baseline -0.003 -22"><span class='ocrx_word' id='word_1_3' title='bbox 268 699 399 785; x_wconf 70' lang='lat' dir='ltr'><strong>aliquis,</strong></span> <span class='ocrx_word' id='word_1_4' title='bbox 413 708 443 761; x_wconf 83' lang='lat' dir='ltr'><strong>et</strong></span> <span class='ocrx_word' id='word_1_5' title='bbox 455 695 619 782; x_wconf 73' lang='lat' dir='ltr'><strong><em>quaepiam</em></strong></span> <span class='ocrx_word' id='word_1_6' title='bbox 633 695 775 781; x_wconf 70' lang='lat' dir='ltr'><strong>aliquae,</strong></span> <span class='ocrx_word' id='word_1_7' title='bbox 793 733 828 744; x_wconf 90' lang='lat'>—</span> <span class='ocrx_word' id='word_1_8' title='bbox 846 695 971 758; x_wconf 62' lang='lat' dir='ltr'><strong>dabam</strong></span> <span class='ocrx_word' id='word_1_9' title='bbox 984 719 1045 759; x_wconf 84' lang='lat' dir='ltr'><strong>noa</strong></span> <span class='ocrx_word' id='word_1_10' title='bbox 1060 706 1122 760; x_wconf 79' lang='lat' dir='ltr'><strong>eet.</strong></span> <span class='ocrx_word' id='word_1_11' title='bbox 1137 679 1306 760; x_wconf 84' lang='lat' dir='ltr'><strong>Marullus</strong></span> <span class='ocrx_word' id='word_1_12' title='bbox 1321 696 1384 760; x_wconf 91' lang='lat' dir='ltr'><strong>de·</strong></span> 
     </span>
    </p>
   </div>
   <div class='ocr_carea' id='block_1_3' title="bbox 268 790 1474 880">
    <p class='ocr_par' dir='ltr' id='par_1_3' title="bbox 268 790 1474 880">
     <span class='ocr_line' id='line_1_3' title="bbox 268 790 1474 880; baseline -0.002 -20"><span class='ocrx_word' id='word_1_13' title='bbox 268 795 320 860; x_wconf 92' lang='lat' dir='ltr'><strong>dit</strong></span> <span class='ocrx_word' id='word_1_14' title='bbox 335 795 508 880; x_wconf 72' lang='lat' dir='ltr'><strong>Estctqae</strong></span> <span class='ocrx_word' id='word_1_15' title='bbox 520 805 710 878; x_wconf 64' lang='lat' dir='ltr'><strong>olimpum,</strong></span> <span class='ocrx_word' id='word_1_16' title='bbox 732 790 768 854; x_wconf 91' lang='lat' dir='ltr'><strong>id</strong></span> <span class='ocrx_word' id='word_1_17' title='bbox 790 799 843 856; x_wconf 92' lang='lat' dir='ltr'><strong>est</strong></span> <span class='ocrx_word' id='word_1_18' title='bbox 863 793 961 877; x_wconf 81' lang='lat' dir='ltr'><strong>(nam</strong></span> <span class='ocrx_word' id='word_1_19' title='bbox 975 794 1159 859; x_wconf 82' lang='lat' dir='ltr'>Lambinus</span> <span class='ocrx_word' id='word_1_20' title='bbox 1180 816 1250 858; x_wconf 91' lang='lat' dir='ltr'><strong>non</strong></span> <span class='ocrx_word' id='word_1_21' title='bbox 1272 796 1385 879; x_wconf 86' lang='lat' dir='ltr'><strong>cepit)</strong></span> <span class='ocrx_word' id='word_1_22' title='bbox 1473 833 1474 850; x_wconf 50' lang='grc' dir='ltr'>ι</span> 
     </span>
    </p>
   </div>
   <div class='ocr_carea' id='block_1_4' title="bbox 266 890 1383 1175">
    <p class='ocr_par' dir='ltr' id='par_1_4' title="bbox 266 890 1383 1175">
     <span class='ocr_line' id='line_1_4' title="bbox 266 890 1382 981; baseline -0.001 -24"><span class='ocrx_word' id='word_1_23' title='bbox 266 893 315 958; x_wconf 91' lang='lat' dir='ltr'><strong>Ut</strong></span> <span class='ocrx_word' id='word_1_24' title='bbox 329 899 424 957; x_wconf 86' lang='lat' dir='ltr'><strong>extat</strong></span> <span class='ocrx_word' id='word_1_25' title='bbox 438 890 555 976; x_wconf 90' lang='lat' dir='ltr'><strong>utique</strong></span> <span class='ocrx_word' id='word_1_26' title='bbox 570 891 737 976; x_wconf 90' lang='lat' dir='ltr'><strong>serpentis</strong></span> <span class='ocrx_word' id='word_1_27' title='bbox 751 891 883 976; x_wconf 89' lang='lat' dir='ltr'><strong>species</strong></span> <span class='ocrx_word' id='word_1_28' title='bbox 893 939 900 956; x_wconf 90' lang='lat'><strong>.</strong></span> <span class='ocrx_word' id='word_1_29' title='bbox 912 891 973 956; x_wconf 91' lang='lat' dir='ltr'><strong>sed</strong></span> <span class='ocrx_word' id='word_1_30' title='bbox 985 911 1048 978; x_wconf 84' lang='lat' dir='ltr'><strong>ego</strong></span> <span class='ocrx_word' id='word_1_31' title='bbox 1063 895 1165 980; x_wconf 66' lang='lat' dir='ltr'><strong>adque</strong></span> <span class='ocrx_word' id='word_1_32' title='bbox 1179 893 1382 981; x_wconf 77' lang='lat' dir='ltr'><strong>particulam</strong></span> 
     </span>
     <span class='ocr_line' id='line_1_5' title="bbox 268 989 1383 1078; baseline -0.001 -23"><span class='ocrx_word' id='word_1_33' title='bbox 268 997 307 1058; x_wconf 93' lang='lat' dir='ltr'><strong>ut</strong></span> <span class='ocrx_word' id='word_1_34' title='bbox 321 1013 342 1055; x_wconf 87' lang='lat' dir='ltr'><strong>a</strong></span> <span class='ocrx_word' id='word_1_35' title='bbox 354 989 447 1054; x_wconf 92' lang='lat' dir='ltr'><strong>nullo</strong></span> <span class='ocrx_word' id='word_1_36' title='bbox 462 997 638 1078; x_wconf 73' lang='lat' dir='ltr'><strong>poetarum</strong></span> <span class='ocrx_word' id='word_1_37' title='bbox 652 989 687 1052; x_wconf 91' lang='lat' dir='ltr'><strong>in</strong></span> <span class='ocrx_word' id='word_1_38' title='bbox 701 1009 803 1053; x_wconf 88' lang='lat' dir='ltr'><strong>versu</strong></span> <span class='ocrx_word' id='word_1_39' title='bbox 818 992 964 1076; x_wconf 80' lang='lat' dir='ltr'><strong>positam</strong></span> <span class='ocrx_word' id='word_1_40' title='bbox 978 994 1114 1078; x_wconf 77' lang='lat' dir='ltr'>repperi</span> <span class='ocrx_word' id='word_1_41' title='bbox 1136 993 1282 1075; x_wconf 88' lang='lat' dir='ltr'><strong>(namin</strong></span> <span class='ocrx_word' id='word_1_42' title='bbox 1297 989 1383 1055; x_wconf 87' lang='lat' dir='ltr'><strong>Cae·</strong></span> 
     </span>
     <span class='ocr_line' id='line_1_6' title="bbox 268 1087 1382 1175; baseline -0.003 -20"><span class='ocrx_word' id='word_1_43' title='bbox 268 1089 334 1155; x_wconf 89' lang='lat' dir='ltr'><strong>cilii</strong></span> <span class='ocrx_word' id='word_1_44' title='bbox 348 1110 450 1154; x_wconf 87' lang='lat' dir='ltr'><strong>versu</strong></span> <span class='ocrx_word' id='word_1_45' title='bbox 464 1089 521 1173; x_wconf 90' lang='lat' dir='ltr'><strong>qui</strong></span> <span class='ocrx_word' id='word_1_46' title='bbox 537 1095 590 1152; x_wconf 89' lang='lat' dir='ltr'><strong>est</strong></span> <span class='ocrx_word' id='word_1_47' title='bbox 603 1087 696 1174; x_wconf 92' lang='lat' dir='ltr'><strong>apud</strong></span> <span class='ocrx_word' id='word_1_48' title='bbox 709 1087 847 1152; x_wconf 80' lang='lat' dir='ltr'><strong>Festum</strong></span> <span class='ocrx_word' id='word_1_49' title='bbox 862 1112 894 1175; x_wconf 89' lang='lat' dir='ltr'><strong>p.</strong></span> <span class='ocrx_word' id='word_1_50' title='bbox 903 1089 974 1164; x_wconf 88' lang='grc'>339,</span> <span class='ocrx_word' id='word_1_51' title='bbox 983 1089 1023 1154; x_wconf 86' lang='grc'><strong>32</strong></span> <span class='ocrx_word' id='word_1_52' title='bbox 1037 1097 1131 1155; x_wconf 88' lang='lat' dir='ltr'><strong>recte</strong></span> <span class='ocrx_word' id='word_1_53' title='bbox 1145 1089 1321 1155; x_wconf 88' lang='lat' dir='ltr'><strong>Bentleius</strong></span> <span class='ocrx_word' id='word_1_54' title='bbox 1336 1089 1382 1152; x_wconf 82' lang='lat' dir='ltr'><strong>ad</strong></span> 
     </span>
    </p>
   </div>
   <div class='ocr_carea' id='block_1_5' title="bbox 268 1185 1475 1275">
    <p class='ocr_par' dir='ltr' id='par_1_5' title="bbox 268 1185 1475 1275">
     <span class='ocr_line' id='line_1_7' title="bbox 268 1185 1475 1275; baseline -0.004 -22"><span class='ocrx_word' id='word_1_55' title='bbox 268 1186 444 1274; x_wconf 79' lang='lat' dir='ltr'><strong>Adelphos</strong></span> <span class='ocrx_word' id='word_1_56' title='bbox 459 1207 503 1261; x_wconf 76' lang='grc' dir='ltr'><strong>ιν,</strong></span> <span class='ocrx_word' id='word_1_57' title='bbox 512 1185 541 1260; x_wconf 90' lang='grc'><strong>2,</strong></span> <span class='ocrx_word' id='word_1_58' title='bbox 550 1185 589 1250; x_wconf 86' lang='grc'><strong>52</strong></span> <span class='ocrx_word' id='word_1_59' title='bbox 604 1207 699 1272; x_wconf 79' lang='lat' dir='ltr'><strong>cique</strong></span> <span class='ocrx_word' id='word_1_60' title='bbox 710 1211 721 1248; x_wconf 91' lang='lat'><em>:</em></span> <span class='ocrx_word' id='word_1_61' title='bbox 733 1185 770 1249; x_wconf 92' lang='lat' dir='ltr'><strong>in</strong></span> <span class='ocrx_word' id='word_1_62' title='bbox 784 1185 870 1250; x_wconf 92' lang='lat' dir='ltr'><strong>libro</strong></span> <span class='ocrx_word' id='word_1_63' title='bbox 887 1210 923 1250; x_wconf 80' lang='lat' dir='ltr'><strong>xi</strong></span> <span class='ocrx_word' id='word_1_64' title='bbox 938 1187 1011 1252; x_wconf 88' lang='lat' dir='ltr'><strong>Silii</strong></span> <span class='ocrx_word' id='word_1_65' title='bbox 1029 1189 1086 1252; x_wconf 83' lang='grc'>163</span> <span class='ocrx_word' id='word_1_66' title='bbox 1106 1190 1210 1275; x_wconf 73' lang='lat' dir='ltr'><strong>ruique</strong></span> <span class='ocrx_word' id='word_1_67' title='bbox 1228 1196 1282 1251; x_wconf 90' lang='lat' dir='ltr'><strong>est</strong></span> <span class='ocrx_word' id='word_1_68' title='bbox 1304 1209 1382 1250; x_wconf 88' lang='lat' dir='ltr'><strong>cor·</strong></span> <span class='ocrx_word' id='word_1_69' title='bbox 1474 1215 1475 1230; x_wconf 48' lang='grc' dir='ltr'>ι</span> 
     </span>
    </p>
   </div>
   <div class='ocr_carea' id='block_1_6' title="bbox 268 1283 1382 2056">
    <p class='ocr_par' dir='ltr' id='par_1_6' title="bbox 268 1283 1382 2056">
     <span class='ocr_line' id='line_1_8' title="bbox 268 1283 1381 1372; baseline -0.004 -20"><span class='ocrx_word' id='word_1_70' title='bbox 268 1287 411 1352; x_wconf 87' lang='lat' dir='ltr'><strong>rectoris</strong></span> <span class='ocrx_word' id='word_1_71' title='bbox 429 1284 575 1370; x_wconf 87' lang='lat' dir='ltr'><strong>imperiti</strong></span> <span class='ocrx_word' id='word_1_72' title='bbox 594 1283 807 1369; x_wconf 80' lang='lat' dir='ltr'><strong>figmentum:</strong></span> <span class='ocrx_word' id='word_1_73' title='bbox 821 1285 856 1348; x_wconf 89' lang='lat' dir='ltr'><strong>in</strong></span> <span class='ocrx_word' id='word_1_74' title='bbox 870 1283 1019 1350; x_wconf 90' lang='lat' dir='ltr'><strong>Lucretii</strong></span> <span class='ocrx_word' id='word_1_75' title='bbox 1040 1308 1076 1365; x_wconf 89' lang='lat'><strong>11,</strong></span> <span class='ocrx_word' id='word_1_76' title='bbox 1091 1285 1153 1350; x_wconf 78' lang='lat'><strong>569</strong></span> <span class='ocrx_word' id='word_1_77' title='bbox 1173 1307 1238 1370; x_wconf 92' lang='lat' dir='ltr'><strong>pro</strong></span> <span class='ocrx_word' id='word_1_78' title='bbox 1259 1288 1381 1372; x_wconf 76' lang='grc' dir='ltr'>ιἰαφκ,</span> 
     </span>
     <span class='ocr_line' id='line_1_9' title="bbox 270 1381 1382 1471; baseline -0.004 -21"><span class='ocrx_word' id='word_1_79' title='bbox 270 1384 366 1471; x_wconf 90' lang='lat' dir='ltr'><strong>quod</strong></span> <span class='ocrx_word' id='word_1_80' title='bbox 386 1391 441 1448; x_wconf 90' lang='lat' dir='ltr'><strong>cst</strong></span> <span class='ocrx_word' id='word_1_81' title='bbox 460 1390 613 1447; x_wconf 88' lang='lat' dir='ltr'><strong>veterum</strong></span> <span class='ocrx_word' id='word_1_82' title='bbox 630 1429 637 1456; x_wconf 97' lang='lat'>,</span> <span class='ocrx_word' id='word_1_83' title='bbox 653 1381 819 1446; x_wconf 78' lang='lat' dir='ltr'><strong>Antonius</strong></span> <span class='ocrx_word' id='word_1_84' title='bbox 834 1382 933 1447; x_wconf 88' lang='lat' dir='ltr'><strong>Marii</strong></span> <span class='ocrx_word' id='word_1_85' title='bbox 949 1390 984 1448; x_wconf 90' lang='lat' dir='ltr'><strong>et</strong></span> <span class='ocrx_word' id='word_1_86' title='bbox 997 1383 1163 1448; x_wconf 82' lang='lat' dir='ltr'>Marullus</span> <span class='ocrx_word' id='word_1_87' title='bbox 1177 1387 1317 1471; x_wconf 65' lang='grc' dir='ltr'>ιιιίᾳυι),</span> <span class='ocrx_word' id='word_1_88' title='bbox 1331 1385 1382 1447; x_wconf 81' lang='lat' dir='ltr'><strong>its</strong></span> 
     </span>
     <span class='ocr_line' id='line_1_10' title="bbox 268 1478 1381 1565; baseline -0.004 -17"><span class='ocrx_word' id='word_1_89' title='bbox 268 1503 391 1548; x_wconf 88' lang='lat' dir='ltr'><strong>vereor</strong></span> <span class='ocrx_word' id='word_1_90' title='bbox 404 1503 448 1546; x_wconf 88' lang='lat' dir='ltr'><strong>ne</strong></span> <span class='ocrx_word' id='word_1_91' title='bbox 462 1479 573 1545; x_wconf 83' lang='lat' dir='ltr'><strong>medis</strong></span> <span class='ocrx_word' id='word_1_92' title='bbox 586 1478 719 1565; x_wconf 77' lang='lat' dir='ltr'>syllaba</span> <span class='ocrx_word' id='word_1_93' title='bbox 731 1479 902 1564; x_wconf 88' lang='lat' dir='ltr'><strong>producta</strong></span> <span class='ocrx_word' id='word_1_94' title='bbox 916 1478 1062 1545; x_wconf 89' lang='lat' dir='ltr'><strong>dicenda</strong></span> <span class='ocrx_word' id='word_1_95' title='bbox 1075 1481 1138 1556; x_wconf 91' lang='lat' dir='ltr'><strong>sit,</strong></span> <span class='ocrx_word' id='word_1_96' title='bbox 1149 1502 1248 1565; x_wconf 90' lang='lat' dir='ltr'><strong>quem</strong></span> <span class='ocrx_word' id='word_1_97' title='bbox 1262 1479 1381 1544; x_wconf 81' lang='lat' dir='ltr'><strong>admo·</strong></span> 
     </span>
     <span class='ocr_line' id='line_1_11' title="bbox 271 1576 1380 1666; baseline -0.003 -20"><span class='ocrx_word' id='word_1_98' title='bbox 271 1581 351 1646; x_wconf 91' lang='lat' dir='ltr'><strong>dum</strong></span> <span class='ocrx_word' id='word_1_99' title='bbox 371 1579 462 1644; x_wconf 89' lang='lat' dir='ltr'><strong>idem</strong></span> <span class='ocrx_word' id='word_1_100' title='bbox 476 1576 648 1644; x_wconf 88' lang='lat' dir='ltr'><strong>Bentleius</strong></span> <span class='ocrx_word' id='word_1_101' title='bbox 670 1577 752 1643; x_wconf 90' lang='lat' dir='ltr'><strong>mihi</strong></span> <span class='ocrx_word' id='word_1_102' title='bbox 771 1577 805 1642; x_wconf 92' lang='lat' dir='ltr'><strong>in</strong></span> <span class='ocrx_word' id='word_1_103' title='bbox 821 1577 972 1643; x_wconf 76' lang='lat' dir='ltr'>Terentii</span> <span class='ocrx_word' id='word_1_104' title='bbox 992 1578 1132 1666; x_wconf 84' lang='lat' dir='ltr'><strong>Hecyra</strong></span> <span class='ocrx_word' id='word_1_105' title='bbox 1154 1603 1188 1654; x_wconf 87' lang='grc' dir='ltr'><strong>ιι,</strong></span> <span class='ocrx_word' id='word_1_106' title='bbox 1206 1579 1266 1653; x_wconf 90' lang='grc'>1,2</span> <span class='ocrx_word' id='word_1_107' title='bbox 1289 1587 1325 1644; x_wconf 89' lang='lat' dir='ltr'><strong>et</strong></span> <span class='ocrx_word' id='word_1_108' title='bbox 1344 1580 1380 1643; x_wconf 90' lang='lat' dir='ltr'><strong>in</strong></span> 
     </span>
     <span class='ocr_line' id='line_1_12' title="bbox 269 1676 1379 1764; baseline -0.001 -21"><span class='ocrx_word' id='word_1_109' title='bbox 269 1679 474 1744; x_wconf 80' lang='lat' dir='ltr'><strong>Phormione</strong></span> <span class='ocrx_word' id='word_1_110' title='bbox 485 1700 515 1751; x_wconf 87' lang='lat' dir='ltr'><strong>v,</strong></span> <span class='ocrx_word' id='word_1_111' title='bbox 524 1676 553 1752; x_wconf 88' lang='lat'><strong>6,</strong></span> <span class='ocrx_word' id='word_1_112' title='bbox 562 1677 603 1741; x_wconf 87' lang='lat'><strong>34</strong></span> <span class='ocrx_word' id='word_1_113' title='bbox 617 1677 683 1740; x_wconf 77' lang='lat' dir='ltr'><strong>otiu</strong></span> <span class='ocrx_word' id='word_1_114' title='bbox 698 1684 891 1762; x_wconf 90' lang='lat' dir='ltr'><strong>correptum</strong></span> <span class='ocrx_word' id='word_1_115' title='bbox 902 1685 996 1742; x_wconf 88' lang='lat' dir='ltr'><strong>recte</strong></span> <span class='ocrx_word' id='word_1_116' title='bbox 1007 1677 1142 1744; x_wconf 88' lang='lat' dir='ltr'><strong>videtur</strong></span> <span class='ocrx_word' id='word_1_117' title='bbox 1152 1679 1379 1764; x_wconf 75' lang='lat' dir='ltr'><strong>improbasse,</strong></span> 
     </span>
     <span class='ocr_line' id='line_1_13' title="bbox 270 1773 1380 1864; baseline -0.002 -22"><span class='ocrx_word' id='word_1_118' title='bbox 270 1797 472 1864; x_wconf 85' lang='lat' dir='ltr'><strong>quamquam</strong></span> <span class='ocrx_word' id='word_1_119' title='bbox 493 1773 628 1840; x_wconf 83' lang='lat' dir='ltr'><strong>Reizius</strong></span> <span class='ocrx_word' id='word_1_120' title='bbox 649 1774 809 1838; x_wconf 87' lang='lat' dir='ltr'><strong>toleravit</strong></span> <span class='ocrx_word' id='word_1_121' title='bbox 827 1775 863 1838; x_wconf 91' lang='lat' dir='ltr'><strong>in</strong></span> <span class='ocrx_word' id='word_1_122' title='bbox 884 1775 1042 1842; x_wconf 87' lang='lat' dir='ltr'><strong>Rudente</strong></span> <span class='ocrx_word' id='word_1_123' title='bbox 1063 1798 1108 1855; x_wconf 75' lang='grc' dir='ltr'><strong>ιν,</strong></span> <span class='ocrx_word' id='word_1_124' title='bbox 1129 1777 1160 1852; x_wconf 89' lang='grc'><strong>4,</strong></span> <span class='ocrx_word' id='word_1_125' title='bbox 1183 1777 1221 1840; x_wconf 92' lang='grc'><strong>19</strong></span> <span class='ocrx_word' id='word_1_126' title='bbox 1244 1824 1251 1840; x_wconf 94' lang='grc'>.</span> <span class='ocrx_word' id='word_1_127' title='bbox 1276 1781 1380 1864; x_wconf 72' lang='lat' dir='ltr'><strong>ratique</strong></span> 
     </span>
     <span class='ocr_line' id='line_1_14' title="bbox 268 1871 1378 1961; baseline -0.001 -22"><span class='ocrx_word' id='word_1_128' title='bbox 268 1883 378 1940; x_wconf 88' lang='lat' dir='ltr'><strong>autem</strong></span> <span class='ocrx_word' id='word_1_129' title='bbox 401 1873 622 1959; x_wconf 79' lang='lat' dir='ltr'><strong>antiquissimi</strong></span> <span class='ocrx_word' id='word_1_130' title='bbox 642 1893 712 1936; x_wconf 92' lang='lat' dir='ltr'><strong>non</strong></span> <span class='ocrx_word' id='word_1_131' title='bbox 734 1871 914 1949; x_wconf 81' lang='lat' dir='ltr'><strong>dixerunt,</strong></span> <span class='ocrx_word' id='word_1_132' title='bbox 932 1895 975 1939; x_wconf 91' lang='lat' dir='ltr'><strong>ne</strong></span> <span class='ocrx_word' id='word_1_133' title='bbox 998 1873 1124 1939; x_wconf 88' lang='lat' dir='ltr'><strong>Caesar</strong></span> <span class='ocrx_word' id='word_1_134' title='bbox 1145 1875 1280 1961; x_wconf 88' lang='lat' dir='ltr'><strong>quidem</strong></span> <span class='ocrx_word' id='word_1_135' title='bbox 1296 1923 1305 1950; x_wconf 92' lang='lat'>,</span> <span class='ocrx_word' id='word_1_136' title='bbox 1320 1897 1378 1938; x_wconf 90' lang='lat' dir='ltr'><strong>ne-</strong></span> 
     </span>
     <span class='ocr_line' id='line_1_15' title="bbox 269 1969 1378 2056; baseline -0.002 -18"><span class='ocrx_word' id='word_1_137' title='bbox 269 1973 350 2038; x_wconf 88' lang='lat' dir='ltr'><strong>dum</strong></span> <span class='ocrx_word' id='word_1_138' title='bbox 362 1973 464 2052; x_wconf 87' lang='lat' dir='ltr'><strong>Cato,</strong></span> <span class='ocrx_word' id='word_1_139' title='bbox 477 1972 529 2038; x_wconf 92' lang='lat' dir='ltr'><strong>cui</strong></span> <span class='ocrx_word' id='word_1_140' title='bbox 545 1970 663 2037; x_wconf 86' lang='lat' dir='ltr'><strong>tribuit</strong></span> <span class='ocrx_word' id='word_1_141' title='bbox 677 1969 835 2035; x_wconf 87' lang='lat' dir='ltr'><strong>librarius</strong></span> <span class='ocrx_word' id='word_1_142' title='bbox 846 1969 938 2036; x_wconf 86' lang='lat' dir='ltr'><strong>Festi</strong></span> <span class='ocrx_word' id='word_1_143' title='bbox 953 1993 986 2056; x_wconf 91' lang='lat' dir='ltr'><strong>p.</strong></span> <span class='ocrx_word' id='word_1_144' title='bbox 995 1973 1066 2048; x_wconf 88' lang='lat'>305,</span> <span class='ocrx_word' id='word_1_145' title='bbox 1078 1975 1116 2037; x_wconf 87' lang='grc'><strong>14</strong></span> <span class='ocrx_word' id='word_1_146' title='bbox 1127 1997 1134 2050; x_wconf 89' lang='grc'>;</span> <span class='ocrx_word' id='word_1_147' title='bbox 1147 1972 1259 2037; x_wconf 83' lang='lat' dir='ltr'><strong>Varro</strong></span> <span class='ocrx_word' id='word_1_148' title='bbox 1274 1975 1310 2038; x_wconf 91' lang='lat' dir='ltr'><strong>in</strong></span> <span class='ocrx_word' id='word_1_149' title='bbox 1324 1996 1378 2038; x_wconf 90' lang='lat' dir='ltr'><strong>re-</strong></span> 
     </span>
    </p>
   </div>
   <div class='ocr_carea' id='block_1_7' title="bbox 268 2069 1477 2158">
    <p class='ocr_par' dir='ltr' id='par_1_7' title="bbox 268 2069 1477 2158">
     <span class='ocr_line' id='line_1_16' title="bbox 268 2069 1477 2158; baseline -0.002 -22"><span class='ocrx_word' id='word_1_150' title='bbox 268 2093 341 2136; x_wconf 88' lang='lat' dir='ltr'><strong>rum</strong></span> <span class='ocrx_word' id='word_1_151' title='bbox 362 2072 564 2136; x_wconf 86' lang='lat' dir='ltr'><strong>rusticarum</strong></span> <span class='ocrx_word' id='word_1_152' title='bbox 584 2069 679 2134; x_wconf 89' lang='lat' dir='ltr'><strong>libris</strong></span> <span class='ocrx_word' id='word_1_153' title='bbox 702 2069 928 2154; x_wconf 80' lang='lat' dir='ltr'><strong>aliquotiens,</strong></span> <span class='ocrx_word' id='word_1_154' title='bbox 949 2094 985 2146; x_wconf 88' lang='lat'><strong>11,</strong></span> <span class='ocrx_word' id='word_1_155' title='bbox 999 2071 1029 2146; x_wconf 96' lang='grc'><strong>4,</strong></span> <span class='ocrx_word' id='word_1_156' title='bbox 1045 2071 1065 2135; x_wconf 90' lang='grc'>3</span> <span class='ocrx_word' id='word_1_157' title='bbox 1079 2071 1116 2135; x_wconf 86' lang='grc'>21</span> <span class='ocrx_word' id='word_1_158' title='bbox 1135 2072 1182 2147; x_wconf 89' lang='grc'>10,</span> <span class='ocrx_word' id='word_1_159' title='bbox 1197 2073 1231 2135; x_wconf 90' lang='grc'><strong>11</strong></span> <span class='ocrx_word' id='word_1_160' title='bbox 1258 2095 1306 2146; x_wconf 85' lang='grc' dir='ltr'><strong>ιιι,</strong></span> <span class='ocrx_word' id='word_1_161' title='bbox 1318 2072 1378 2147; x_wconf 58' lang='lat' dir='ltr'><strong>to</strong></span> <span class='ocrx_word' id='word_1_162' title='bbox 1476 2131 1477 2158; x_wconf 48' lang='lat'>,</span> 
     </span>
    </p>
   </div>
   <div class='ocr_carea' id='block_1_8' title="bbox 197 2166 1376 4610">
    <p class='ocr_par' dir='ltr' id='par_1_8' title="bbox 197 2166 1376 4610">
     <span class='ocr_line' id='line_1_17' title="bbox 270 2166 1376 2246; baseline -0.001 -11"><span class='ocrx_word' id='word_1_163' title='bbox 270 2170 360 2246; x_wconf 61' lang='lat'><strong>127,</strong></span> <span class='ocrx_word' id='word_1_164' title='bbox 371 2169 545 2234; x_wconf 83' lang='lat' dir='ltr'><strong>Vitruvius</strong></span> <span class='ocrx_word' id='word_1_165' title='bbox 556 2217 563 2242; x_wconf 91' lang='lat'>,</span> <span class='ocrx_word' id='word_1_166' title='bbox 575 2167 604 2232; x_wconf 91' lang='lat' dir='ltr'><strong>si</strong></span> <span class='ocrx_word' id='word_1_167' title='bbox 619 2168 702 2232; x_wconf 87' lang='lat' dir='ltr'><strong>satis</strong></span> <span class='ocrx_word' id='word_1_168' title='bbox 717 2166 864 2243; x_wconf 85' lang='lat' dir='ltr'><strong>attendi,</strong></span> <span class='ocrx_word' id='word_1_169' title='bbox 875 2168 928 2233; x_wconf 91' lang='lat' dir='ltr'><strong>bis</strong></span> <span class='ocrx_word' id='word_1_170' title='bbox 939 2191 970 2243; x_wconf 88' lang='lat' dir='ltr'><strong>v,</strong></span> <span class='ocrx_word' id='word_1_171' title='bbox 981 2169 1054 2244; x_wconf 89' lang='grc'>10,1</span> <span class='ocrx_word' id='word_1_172' title='bbox 1071 2171 1108 2244; x_wconf 88' lang='grc'><strong>4,</strong></span> <span class='ocrx_word' id='word_1_173' title='bbox 1120 2168 1298 2234; x_wconf 81' lang='lat' dir='ltr'><strong>Cornelius</strong></span> <span class='ocrx_word' id='word_1_174' title='bbox 1309 2169 1376 2234; x_wconf 90' lang='lat' dir='ltr'><strong>Ne-</strong></span> 
     </span>
     <span class='ocr_line' id='line_1_18' title="bbox 197 2263 1376 2356; baseline 0.005 -30"><span class='ocrx_word' id='word_1_175' title='bbox 197 2318 201 2326; x_wconf 94' lang='lat'>.</span> <span class='ocrx_word' id='word_1_176' title='bbox 267 2289 331 2356; x_wconf 92' lang='lat' dir='ltr'><strong>pos</strong></span> <span class='ocrx_word' id='word_1_177' title='bbox 347 2267 465 2343; x_wconf 91' lang='lat' dir='ltr'><strong>semel,</strong></span> <span class='ocrx_word' id='word_1_178' title='bbox 477 2266 657 2348; x_wconf 84' lang='lat' dir='ltr'><strong>Sallustius</strong></span> <span class='ocrx_word' id='word_1_179' title='bbox 671 2267 705 2329; x_wconf 94' lang='lat' dir='ltr'><strong>in</strong></span> <span class='ocrx_word' id='word_1_180' title='bbox 720 2263 884 2350; x_wconf 77' lang='lat' dir='ltr'><strong>Iugurtha</strong></span> <span class='ocrx_word' id='word_1_181' title='bbox 898 2265 927 2341; x_wconf 89' lang='grc'><strong>3,</strong></span> <span class='ocrx_word' id='word_1_182' title='bbox 941 2267 954 2328; x_wconf 93' lang='grc'>1</span> <span class='ocrx_word' id='word_1_183' title='bbox 968 2314 977 2330; x_wconf 92' lang='grc'><strong><em>.</em></strong></span> <span class='ocrx_word' id='word_1_184' title='bbox 992 2275 1094 2353; x_wconf 89' lang='lat' dir='ltr'><strong>atque</strong></span> <span class='ocrx_word' id='word_1_185' title='bbox 1108 2265 1146 2342; x_wconf 79' lang='lat' dir='ltr'><strong>id,</strong></span> <span class='ocrx_word' id='word_1_186' title='bbox 1161 2268 1376 2338; x_wconf 79' lang='lat' dir='ltr'><strong>vocabulum,</strong></span> 
     </span>
     <span class='ocr_line' id='line_1_19' title="bbox 265 2365 1375 2453; baseline -0.002 -21"><span class='ocrx_word' id='word_1_187' title='bbox 265 2369 330 2434; x_wconf 84' lang='lat' dir='ltr'><strong>nisi</strong></span> <span class='ocrx_word' id='word_1_188' title='bbox 345 2367 460 2442; x_wconf 85' lang='lat' dir='ltr'><strong>fallor,</strong></span> <span class='ocrx_word' id='word_1_189' title='bbox 474 2387 542 2451; x_wconf 90' lang='lat' dir='ltr'><strong>quo</strong></span> <span class='ocrx_word' id='word_1_190' title='bbox 557 2373 709 2450; x_wconf 87' lang='lat' dir='ltr'><strong>tempore</strong></span> <span class='ocrx_word' id='word_1_191' title='bbox 724 2365 864 2453; x_wconf 88' lang='lat' dir='ltr'><strong>primum</strong></span> <span class='ocrx_word' id='word_1_192' title='bbox 880 2365 914 2428; x_wconf 93' lang='lat' dir='ltr'><strong>in</strong></span> <span class='ocrx_word' id='word_1_193' title='bbox 929 2385 1116 2430; x_wconf 87' lang='lat' dir='ltr'><strong>sermonem</strong></span> <span class='ocrx_word' id='word_1_194' title='bbox 1132 2365 1304 2451; x_wconf 79' lang='lat' dir='ltr'><strong>vulgarem</strong></span> <span class='ocrx_word' id='word_1_195' title='bbox 1319 2387 1375 2430; x_wconf 87' lang='lat' dir='ltr'><strong>ve·</strong></span> 
     </span>
     <span class='ocr_line' id='line_1_20' title="bbox 265 2461 1374 2550; baseline -0.002 -20"><span class='ocrx_word' id='word_1_196' title='bbox 265 2469 331 2541; x_wconf 90' lang='lat' dir='ltr'><strong>nit,</strong></span> <span class='ocrx_word' id='word_1_197' title='bbox 342 2465 409 2530; x_wconf 90' lang='lat' dir='ltr'><strong>hoc</strong></span> <span class='ocrx_word' id='word_1_198' title='bbox 424 2461 476 2529; x_wconf 84' lang='lat' dir='ltr'><strong>e&#39;st</strong></span> <span class='ocrx_word' id='word_1_199' title='bbox 488 2462 660 2527; x_wconf 78' lang='lat' dir='ltr'><strong>Ciceronis</strong></span> <span class='ocrx_word' id='word_1_200' title='bbox 675 2471 804 2537; x_wconf 86' lang='lat' dir='ltr'><strong>aetate,</strong></span> <span class='ocrx_word' id='word_1_201' title='bbox 816 2464 874 2550; x_wconf 89' lang='lat' dir='ltr'><strong>qui</strong></span> <span class='ocrx_word' id='word_1_202' title='bbox 890 2484 930 2528; x_wconf 90' lang='lat' dir='ltr'><strong>eo</strong></span> <span class='ocrx_word' id='word_1_203' title='bbox 941 2511 949 2538; x_wconf 90' lang='lat'>,</span> <span class='ocrx_word' id='word_1_204' title='bbox 961 2475 1123 2548; x_wconf 88' lang='lat' dir='ltr'><strong>quantum</strong></span> <span class='ocrx_word' id='word_1_205' title='bbox 1137 2464 1227 2543; x_wconf 89' lang='lat' dir='ltr'><strong>seio,</strong></span> <span class='ocrx_word' id='word_1_206' title='bbox 1239 2473 1374 2550; x_wconf 83' lang='lat' dir='ltr'><strong>praeter</strong></span> 
     </span>
     <span class='ocr_line' id='line_1_21' title="bbox 267 2557 1375 2651; baseline -0.002 -23"><span class='ocrx_word' id='word_1_207' title='bbox 267 2585 367 2651; x_wconf 83' lang='lat' dir='ltr'><strong>quarn</strong></span> <span class='ocrx_word' id='word_1_208' title='bbox 388 2563 423 2626; x_wconf 93' lang='lat' dir='ltr'><strong>in</strong></span> <span class='ocrx_word' id='word_1_209' title='bbox 445 2557 597 2645; x_wconf 76' lang='lat' dir='ltr'><strong>epistulis</strong></span> <span class='ocrx_word' id='word_1_210' title='bbox 620 2569 655 2624; x_wconf 93' lang='lat' dir='ltr'><strong>et</strong></span> <span class='ocrx_word' id='word_1_211' title='bbox 676 2561 719 2626; x_wconf 91' lang='lat' dir='ltr'><strong>de</strong></span> <span class='ocrx_word' id='word_1_212' title='bbox 735 2561 941 2628; x_wconf 87' lang='lat' dir='ltr'><strong>divinatione</strong></span> <span class='ocrx_word' id='word_1_213' title='bbox 963 2585 998 2637; x_wconf 91' lang='grc' dir='ltr'><strong>ιι,</strong></span> <span class='ocrx_word' id='word_1_214' title='bbox 1010 2561 1068 2628; x_wconf 80' lang='lat'><strong>120</strong></span> <span class='ocrx_word' id='word_1_215' title='bbox 1083 2583 1152 2626; x_wconf 89' lang='lat' dir='ltr'><strong>nou</strong></span> <span class='ocrx_word' id='word_1_216' title='bbox 1165 2563 1293 2637; x_wconf 86' lang='lat' dir='ltr'><strong>utitur,</strong></span> <span class='ocrx_word' id='word_1_217' title='bbox 1308 2585 1375 2626; x_wconf 91' lang='lat' dir='ltr'><strong>non</strong></span> 
     </span>
     <span class='ocr_line' id='line_1_22' title="bbox 202 2657 1375 2748; baseline 0 -22"><span class='ocrx_word' id='word_1_218' title='bbox 202 2663 210 2678; x_wconf 92' lang='lat'>&#39;</span> <span class='ocrx_word' id='word_1_219' title='bbox 266 2664 338 2727; x_wconf 89' lang='lat' dir='ltr'><strong>sine</strong></span> <span class='ocrx_word' id='word_1_220' title='bbox 359 2661 434 2722; x_wconf 87' lang='lat' dir='ltr'><strong>ioco</strong></span> <span class='ocrx_word' id='word_1_221' title='bbox 458 2659 605 2742; x_wconf 86' lang='lat' dir='ltr'><strong>quodam</strong></span> <span class='ocrx_word' id='word_1_222' title='bbox 621 2657 816 2735; x_wconf 80' lang='lat' dir='ltr'><strong>dicebatur,</strong></span> <span class='ocrx_word' id='word_1_223' title='bbox 832 2683 907 2726; x_wconf 89' lang='lat' dir='ltr'><strong>eum</strong></span> <span class='ocrx_word' id='word_1_224' title='bbox 921 2661 1126 2748; x_wconf 84' lang='lat' dir='ltr'><strong>significaret</strong></span> <span class='ocrx_word' id='word_1_225' title='bbox 1140 2661 1226 2725; x_wconf 83' lang='lat' dir='ltr'><strong>haec</strong></span> <span class='ocrx_word' id='word_1_226' title='bbox 1240 2663 1375 2728; x_wconf 87' lang='lat' dir='ltr'><strong>mirabi-</strong></span> 
     </span>
     <span class='ocr_line' id='line_1_23' title="bbox 265 2757 1373 2844; baseline 0 -20"><span class='ocrx_word' id='word_1_227' title='bbox 265 2761 343 2824; x_wconf 89' lang='lat' dir='ltr'><strong>liter</strong></span> <span class='ocrx_word' id='word_1_228' title='bbox 365 2763 562 2833; x_wconf 83' lang='lat' dir='ltr'><strong>contracta,</strong></span> <span class='ocrx_word' id='word_1_229' title='bbox 575 2767 605 2820; x_wconf 80' lang='lat' dir='ltr'><strong>et</strong></span> <span class='ocrx_word' id='word_1_230' title='bbox 616 2758 660 2819; x_wconf 80' lang='lat' dir='ltr'><strong>ite</strong></span> <span class='ocrx_word' id='word_1_231' title='bbox 674 2757 795 2843; x_wconf 76' lang='lat' dir='ltr'><strong>quiden</strong></span> <span class='ocrx_word' id='word_1_232' title='bbox 810 2761 855 2820; x_wconf 80' lang='lat' dir='ltr'><strong>uti</strong></span> <span class='ocrx_word' id='word_1_233' title='bbox 868 2773 982 2844; x_wconf 74' lang='lat' dir='ltr'><strong>oportet</strong></span> <span class='ocrx_word' id='word_1_234' title='bbox 991 2785 1002 2822; x_wconf 93' lang='grc'><strong>.·</strong></span> <span class='ocrx_word' id='word_1_235' title='bbox 1016 2759 1205 2824; x_wconf 86' lang='lat' dir='ltr'><strong>derivatum</strong></span> <span class='ocrx_word' id='word_1_236' title='bbox 1220 2769 1274 2824; x_wconf 87' lang='lat' dir='ltr'><strong>est</strong></span> <span class='ocrx_word' id='word_1_237' title='bbox 1288 2763 1373 2824; x_wconf 90' lang='lat' dir='ltr'><strong>enim</strong></span> 
     </span>
     <span class='ocr_line' id='line_1_24' title="bbox 266 2854 1373 2945; baseline 0 -22"><span class='ocrx_word' id='word_1_238' title='bbox 266 2881 309 2923; x_wconf 88' lang='lat' dir='ltr'><strong>ex</strong></span> <span class='ocrx_word' id='word_1_239' title='bbox 327 2855 479 2922; x_wconf 84' lang='lat' dir='ltr'><strong>formulis</strong></span> <span class='ocrx_word' id='word_1_240' title='bbox 502 2854 719 2921; x_wconf 88' lang='lat' dir='ltr'><strong>sollemnibus</strong></span> <span class='ocrx_word' id='word_1_241' title='bbox 732 2855 1032 2923; x_wconf 88' lang='lat' dir='ltr'><strong>instrumentorum</strong></span> <span class='ocrx_word' id='word_1_242' title='bbox 1046 2859 1278 2945; x_wconf 85' lang='lat' dir='ltr'><strong>publicorum,</strong></span> <span class='ocrx_word' id='word_1_243' title='bbox 1293 2881 1373 2943; x_wconf 84' lang='lat' dir='ltr'><strong>qua·</strong></span> 
     </span>
     <span class='ocr_line' id='line_1_25' title="bbox 265 2953 1375 3044; baseline 0 -24"><span class='ocrx_word' id='word_1_244' title='bbox 265 2957 315 3022; x_wconf 88' lang='lat' dir='ltr'><strong>les</strong></span> <span class='ocrx_word' id='word_1_245' title='bbox 330 2962 409 3020; x_wconf 88' lang='lat' dir='ltr'><strong>sunt</strong></span> <span class='ocrx_word' id='word_1_246' title='bbox 423 2979 502 3043; x_wconf 71' lang='lat' dir='ltr'><strong>ptine</strong></span> <span class='ocrx_word' id='word_1_247' title='bbox 515 2957 619 3042; x_wconf 78' lang='lat' dir='ltr'><strong>otique</strong></span> <span class='ocrx_word' id='word_1_248' title='bbox 633 2953 687 3018; x_wconf 86' lang='lat' dir='ltr'><strong>vel</strong></span> <span class='ocrx_word' id='word_1_249' title='bbox 701 2955 810 3040; x_wconf 70' lang='lat' dir='ltr'><strong>quibem</strong></span> <span class='ocrx_word' id='word_1_250' title='bbox 828 2959 947 3042; x_wconf 80' lang='lat' dir='ltr'><strong>otique,</strong></span> <span class='ocrx_word' id='word_1_251' title='bbox 963 2969 1051 3044; x_wconf 71' lang='lat' dir='ltr'><strong>atque</strong></span> <span class='ocrx_word' id='word_1_252' title='bbox 1070 2959 1191 3044; x_wconf 68' lang='lat' dir='ltr'><strong>«dipem,</strong></span> <span class='ocrx_word' id='word_1_253' title='bbox 1206 2981 1272 3022; x_wconf 79' lang='lat' dir='ltr'><strong>was</strong></span> <span class='ocrx_word' id='word_1_254' title='bbox 1291 2957 1375 3021; x_wconf 92' lang='lat' dir='ltr'><strong>oder</strong></span> 
     </span>
     <span class='ocr_line' id='line_1_26' title="bbox 263 3053 1372 3141; baseline 0 -20"><span class='ocrx_word' id='word_1_255' title='bbox 263 3079 338 3126; x_wconf 83' lang='lat' dir='ltr'><strong>wem</strong></span> <span class='ocrx_word' id='word_1_256' title='bbox 351 3055 417 3118; x_wconf 77' lang='lat' dir='ltr'><strong>aad</strong></span> <span class='ocrx_word' id='word_1_257' title='bbox 429 3077 631 3128; x_wconf 74' lang='lat' dir='ltr'><strong>tommosam,</strong></span> <span class='ocrx_word' id='word_1_258' title='bbox 647 3055 694 3116; x_wconf 81' lang='lat' dir='ltr'><strong>ab</strong></span> <span class='ocrx_word' id='word_1_259' title='bbox 707 3053 772 3117; x_wconf 76' lang='lat' dir='ltr'><strong>itud</strong></span> <span class='ocrx_word' id='word_1_260' title='bbox 784 3077 985 3118; x_wconf 74' lang='lat' dir='ltr'><strong>woencaaeu.</strong></span> <span class='ocrx_word' id='word_1_261' title='bbox 1000 3055 1048 3118; x_wconf 88' lang='lat' dir='ltr'><strong>ita</strong></span> <span class='ocrx_word' id='word_1_262' title='bbox 1062 3055 1203 3141; x_wconf 85' lang='lat' dir='ltr'><strong>legimus</strong></span> <span class='ocrx_word' id='word_1_263' title='bbox 1217 3055 1251 3118; x_wconf 92' lang='lat' dir='ltr'><strong>in</strong></span> <span class='ocrx_word' id='word_1_264' title='bbox 1266 3055 1372 3121; x_wconf 85' lang='lat' dir='ltr'><strong>Hera·</strong></span> 
     </span>
     <span class='ocr_line' id='line_1_27' title="bbox 265 3152 1372 3240; baseline 0 -21"><span class='ocrx_word' id='word_1_265' title='bbox 265 3154 387 3219; x_wconf 81' lang='lat' dir='ltr'><strong>cloensi</strong></span> <span class='ocrx_word' id='word_1_266' title='bbox 403 3153 519 3219; x_wconf 80' lang='lat' dir='ltr'><strong>tabula</strong></span> <span class='ocrx_word' id='word_1_267' title='bbox 535 3175 555 3227; x_wconf 87' lang='lat'><strong>1,</strong></span> <span class='ocrx_word' id='word_1_268' title='bbox 568 3152 605 3215; x_wconf 90' lang='grc'><strong>14</strong></span> <span class='ocrx_word' id='word_1_269' title='bbox 620 3153 784 3238; x_wconf 62' lang='lat' dir='ltr'><strong>eademqne</strong></span> <span class='ocrx_word' id='word_1_270' title='bbox 798 3155 901 3216; x_wconf 82' lang='lat' dir='ltr'><strong>omnia</strong></span> <span class='ocrx_word' id='word_1_271' title='bbox 912 3177 991 3240; x_wconf 77' lang='lat' dir='ltr'><strong>qaae</strong></span> <span class='ocrx_word' id='word_1_272' title='bbox 1004 3155 1123 3240; x_wconf 76' lang='lat' dir='ltr'><strong>rdeique</strong></span> <span class='ocrx_word' id='word_1_273' title='bbox 1137 3156 1170 3216; x_wconf 80' lang='lat' dir='ltr'><strong>in</strong></span> <span class='ocrx_word' id='word_1_274' title='bbox 1184 3155 1302 3219; x_wconf 61' lang='lat' dir='ltr'><strong>ubilos</strong></span> <span class='ocrx_word' id='word_1_275' title='bbox 1314 3167 1372 3219; x_wconf 81' lang='lat' dir='ltr'><strong>ret-</strong></span> 
     </span>
     <span class='ocr_line' id='line_1_28' title="bbox 262 3251 1372 3338; baseline -0.003 -19"><span class='ocrx_word' id='word_1_276' title='bbox 262 3256 381 3332; x_wconf 80' lang='lat' dir='ltr'><strong>tulerit,</strong></span> <span class='ocrx_word' id='word_1_277' title='bbox 395 3253 486 3327; x_wconf 73' lang='lat' dir='ltr'><strong>daia</strong></span> <span class='ocrx_word' id='word_1_278' title='bbox 500 3251 634 3314; x_wconf 71' lang='lat' dir='ltr'><strong>amam</strong></span> <span class='ocrx_word' id='word_1_279' title='bbox 652 3252 684 3312; x_wconf 78' lang='lat' dir='ltr'><strong>iu</strong></span> <span class='ocrx_word' id='word_1_280' title='bbox 706 3251 809 3314; x_wconf 80' lang='lat' dir='ltr'><strong>album</strong></span> <span class='ocrx_word' id='word_1_281' title='bbox 828 3252 995 3338; x_wconf 70' lang='lat' dir='ltr'><strong>resumendo</strong></span> <span class='ocrx_word' id='word_1_282' title='bbox 1016 3251 1186 3336; x_wconf 72' lang='lat' dir='ltr'><strong>(miralo);</strong></span> <span class='ocrx_word' id='word_1_283' title='bbox 1204 3253 1287 3317; x_wconf 88' lang='lat' dir='ltr'><strong>item</strong></span> <span class='ocrx_word' id='word_1_284' title='bbox 1303 3253 1372 3326; x_wconf 87' lang='grc' dir='ltr'>ι,72</span> 
     </span>
     <span class='ocr_line' id='line_1_29' title="bbox 262 3349 1371 3436; baseline -0.004 -18"><span class='ocrx_word' id='word_1_285' title='bbox 262 3377 333 3418; x_wconf 80' lang='lat' dir='ltr'><strong>neue</strong></span> <span class='ocrx_word' id='word_1_286' title='bbox 353 3373 458 3415; x_wconf 80' lang='lat' dir='ltr'><strong>eorrim</strong></span> <span class='ocrx_word' id='word_1_287' title='bbox 472 3350 554 3436; x_wconf 80' lang='lat' dir='ltr'><strong>qood</strong></span> <span class='ocrx_word' id='word_1_288' title='bbox 573 3349 689 3432; x_wconf 86' lang='lat' dir='ltr'><strong>(immo</strong></span> <span class='ocrx_word' id='word_1_289' title='bbox 711 3350 802 3435; x_wconf 80' lang='lat' dir='ltr'><strong>quid)</strong></span> <span class='ocrx_word' id='word_1_290' title='bbox 823 3361 960 3435; x_wconf 59' lang='lat' dir='ltr'><strong>combam</strong></span> <span class='ocrx_word' id='word_1_291' title='bbox 981 3352 1153 3414; x_wconf 72' lang='lat' dir='ltr'><strong>clarnumue</strong></span> <span class='ocrx_word' id='word_1_292' title='bbox 1175 3351 1298 3424; x_wconf 76' lang='lat' dir='ltr'><strong>iubeto,</strong></span> <span class='ocrx_word' id='word_1_293' title='bbox 1313 3373 1371 3436; x_wconf 78' lang='lat' dir='ltr'><strong>quo</strong></span> 
     </span>
     <span class='ocr_line' id='line_1_30' title="bbox 262 3441 1369 3534; baseline -0.003 -21"><span class='ocrx_word' id='word_1_294' title='bbox 262 3453 361 3514; x_wconf 73' lang='lat' dir='ltr'><strong>micres</strong></span> <span class='ocrx_word' id='word_1_295' title='bbox 376 3449 419 3511; x_wconf 81' lang='lat' dir='ltr'><strong>eis</strong></span> <span class='ocrx_word' id='word_1_296' title='bbox 433 3449 522 3510; x_wconf 70' lang='lat' dir='ltr'><strong>diceb</strong></span> <span class='ocrx_word' id='word_1_297' title='bbox 529 3445 755 3533; x_wconf 62' lang='lat' dir='ltr'><strong>porticibusque</strong></span> <span class='ocrx_word' id='word_1_298' title='bbox 762 3449 897 3533; x_wconf 78' lang='lat' dir='ltr'><strong>populos</strong></span> <span class='ocrx_word' id='word_1_299' title='bbox 911 3441 1014 3512; x_wconf 60' lang='lat' dir='ltr'><strong>mutar</strong></span> <span class='ocrx_word' id='word_1_300' title='bbox 1028 3459 1190 3533; x_wconf 73' lang='lat' dir='ltr'><strong>pateatne</strong></span> <span class='ocrx_word' id='word_1_301' title='bbox 1204 3499 1213 3529; x_wconf 90' lang='lat'><strong>,</strong></span> <span class='ocrx_word' id='word_1_302' title='bbox 1231 3451 1292 3512; x_wconf 72' lang='lat' dir='ltr'><strong>iiiii</strong></span> <span class='ocrx_word' id='word_1_303' title='bbox 1305 3451 1369 3534; x_wconf 78' lang='lat' dir='ltr'><strong>qui·</strong></span> 
     </span>
     <span class='ocr_line' id='line_1_31' title="bbox 262 3545 1370 3631; baseline -0.002 -19"><span class='ocrx_word' id='word_1_304' title='bbox 262 3549 316 3612; x_wconf 71' lang='lat' dir='ltr'><strong>tes</strong></span> <span class='ocrx_word' id='word_1_305' title='bbox 335 3547 454 3631; x_wconf 78' lang='lat' dir='ltr'><strong>oleique</strong></span> <span class='ocrx_word' id='word_1_306' title='bbox 476 3545 590 3629; x_wconf 76' lang='lat' dir='ltr'><strong>lapibus</strong></span> <span class='ocrx_word' id='word_1_307' title='bbox 605 3545 740 3629; x_wconf 77' lang='lat' dir='ltr'><strong>plebeiae</strong></span> <span class='ocrx_word' id='word_1_308' title='bbox 765 3547 847 3608; x_wconf 78' lang='lat' dir='ltr'><strong>aoiti&#39;c</strong></span> <span class='ocrx_word' id='word_1_309' title='bbox 866 3556 1020 3610; x_wconf 69' lang='lat' dir='ltr'><strong>scimusne</strong></span> <span class='ocrx_word' id='word_1_310' title='bbox 1041 3547 1182 3610; x_wconf 63' lang='lat' dir='ltr'><strong>cotidie</strong></span> <span class='ocrx_word' id='word_1_311' title='bbox 1202 3569 1370 3610; x_wconf 69' lang='lat' dir='ltr'><strong>emicem</strong></span> 
     </span>
     <span class='ocr_line' id='line_1_32' title="bbox 255 3627 1370 3731; baseline -0.003 -22"><span class='ocrx_word' id='word_1_312' title='bbox 255 3647 475 3731; x_wconf 55' lang='lat' dir='ltr'><strong>permit-tina</strong></span> <span class='ocrx_word' id='word_1_313' title='bbox 489 3652 555 3724; x_wconf 67' lang='lat' dir='ltr'><strong>et,-</strong></span> <span class='ocrx_word' id='word_1_314' title='bbox 575 3649 610 3706; x_wconf 73' lang='lat' dir='ltr'><strong>ei</strong></span> <span class='ocrx_word' id='word_1_315' title='bbox 623 3643 658 3705; x_wconf 75' lang='lat' dir='ltr'><strong>tn</strong></span> <span class='ocrx_word' id='word_1_316' title='bbox 673 3643 747 3729; x_wconf 70' lang='lat' dir='ltr'><strong>age</strong></span> <span class='ocrx_word' id='word_1_317' title='bbox 761 3643 892 3708; x_wconf 80' lang='lat' dir='ltr'><strong>Thoria</strong></span> <span class='ocrx_word' id='word_1_318' title='bbox 905 3627 943 3707; x_wconf 82' lang='lat' dir='ltr'><strong>rt</strong></span> <span class='ocrx_word' id='word_1_319' title='bbox 961 3644 1001 3707; x_wconf 74' lang='grc' dir='ltr'><strong>ιι</strong></span> <span class='ocrx_word' id='word_1_320' title='bbox 1016 3647 1101 3708; x_wconf 65' lang='lat' dir='ltr'><strong>‚eie</strong></span> <span class='ocrx_word' id='word_1_321' title='bbox 1114 3679 1155 3692; x_wconf 90' lang='lat'><em>-</em></span> <span class='ocrx_word' id='word_1_322' title='bbox 1166 3646 1311 3729; x_wconf 70' lang='lat' dir='ltr'><strong>propiore</strong></span> <span class='ocrx_word' id='word_1_323' title='bbox 1324 3645 1370 3707; x_wconf 57' lang='lat' dir='ltr'><strong>a«</strong></span> 
     </span>
     <span class='ocr_line' id='line_1_33' title="bbox 261 3742 1370 3830; baseline -0.001 -23"><span class='ocrx_word' id='word_1_324' title='bbox 261 3745 371 3829; x_wconf 71' lang='lat' dir='ltr'><strong>exipiio</strong></span> <span class='ocrx_word' id='word_1_325' title='bbox 386 3753 476 3828; x_wconf 71' lang='lat' dir='ltr'><strong>atque</strong></span> <span class='ocrx_word' id='word_1_326' title='bbox 489 3743 608 3828; x_wconf 71' lang='lat' dir='ltr'><strong>meique</strong></span> <span class='ocrx_word' id='word_1_327' title='bbox 622 3743 655 3804; x_wconf 81' lang='lat' dir='ltr'><strong>in</strong></span> <span class='ocrx_word' id='word_1_328' title='bbox 669 3742 727 3805; x_wconf 80' lang='lat' dir='ltr'><strong>duc</strong></span> <span class='ocrx_word' id='word_1_329' title='bbox 741 3745 805 3827; x_wconf 74' lang='lat' dir='ltr'><strong>lepe</strong></span> <span class='ocrx_word' id='word_1_330' title='bbox 818 3744 964 3828; x_wconf 69' lang='lat' dir='ltr'><strong>scriptioni</strong></span> <span class='ocrx_word' id='word_1_331' title='bbox 979 3755 1038 3806; x_wconf 79' lang='lat' dir='ltr'><strong>cst.</strong></span> <span class='ocrx_word' id='word_1_332' title='bbox 1062 3779 1097 3790; x_wconf 88' lang='lat'><strong>-·</strong></span> <span class='ocrx_word' id='word_1_333' title='bbox 1119 3743 1202 3830; x_wconf 75' lang='lat' dir='ltr'><strong>qriod</strong></span> <span class='ocrx_word' id='word_1_334' title='bbox 1217 3746 1370 3829; x_wconf 76' lang='lat' dir='ltr'><strong>peqoiiioe</strong></span> 
     </span>
     <span class='ocr_line' id='line_1_34' title="bbox 261 3841 1371 3928; baseline -0.003 -23"><span class='ocrx_word' id='word_1_335' title='bbox 261 3843 296 3906; x_wconf 83' lang='lat' dir='ltr'><strong>od</strong></span> <span class='ocrx_word' id='word_1_336' title='bbox 311 3864 378 3907; x_wconf 84' lang='lat' dir='ltr'><strong>eam</strong></span> <span class='ocrx_word' id='word_1_337' title='bbox 392 3863 457 3904; x_wconf 84' lang='lat' dir='ltr'><strong>rem</strong></span> <span class='ocrx_word' id='word_1_338' title='bbox 465 3841 613 3926; x_wconf 82' lang='lat' dir='ltr'><strong>propiore</strong></span> <span class='ocrx_word' id='word_1_339' title='bbox 627 3841 676 3903; x_wconf 87' lang='lat' dir='ltr'><strong>die</strong></span> <span class='ocrx_word' id='word_1_340' title='bbox 690 3851 827 3903; x_wconf 70' lang='lat' dir='ltr'><strong>exactam</strong></span> <span class='ocrx_word' id='word_1_341' title='bbox 852 3841 910 3904; x_wconf 78' lang='lat' dir='ltr'><strong>erit</strong></span> <span class='ocrx_word' id='word_1_342' title='bbox 929 3852 1018 3926; x_wconf 78' lang='lat' dir='ltr'><strong>atque</strong></span> <span class='ocrx_word' id='word_1_343' title='bbox 1039 3843 1158 3928; x_wconf 73' lang='lat' dir='ltr'><strong>tusique</strong></span> <span class='ocrx_word' id='word_1_344' title='bbox 1176 3841 1210 3902; x_wconf 77' lang='lat' dir='ltr'><strong>in</strong></span> <span class='ocrx_word' id='word_1_345' title='bbox 1231 3841 1291 3904; x_wconf 75' lang='lat' dir='ltr'><strong>liae</strong></span> <span class='ocrx_word' id='word_1_346' title='bbox 1310 3841 1371 3924; x_wconf 75' lang='lat' dir='ltr'><strong>depe</strong></span> 
     </span>
     <span class='ocr_line' id='line_1_35' title="bbox 260 3939 1370 4026; baseline -0.003 -23"><span class='ocrx_word' id='word_1_347' title='bbox 260 3942 405 4024; x_wconf 80' lang='lat' dir='ltr'><strong>seriptum</strong></span> <span class='ocrx_word' id='word_1_348' title='bbox 419 3949 478 4002; x_wconf 80' lang='lat' dir='ltr'><strong>eal.</strong></span> <span class='ocrx_word' id='word_1_349' title='bbox 493 3975 535 3986; x_wconf 94' lang='lat'>-</span> <span class='ocrx_word' id='word_1_350' title='bbox 548 3961 608 4026; x_wconf 82' lang='lat' dir='ltr'><strong>quo</strong></span> <span class='ocrx_word' id='word_1_351' title='bbox 622 3963 659 4003; x_wconf 86' lang='lat' dir='ltr'><strong>ea</strong></span> <span class='ocrx_word' id='word_1_352' title='bbox 670 3941 809 4024; x_wconf 79' lang='lat' dir='ltr'><strong>pequnia</strong></span> <span class='ocrx_word' id='word_1_353' title='bbox 824 3975 862 3988; x_wconf 87' lang='grc'>-</span> <span class='ocrx_word' id='word_1_354' title='bbox 879 3939 968 4003; x_wconf 76' lang='lat' dir='ltr'><strong>aliter</strong></span> <span class='ocrx_word' id='word_1_355' title='bbox 981 3941 1136 4024; x_wconf 59' lang='lat' dir='ltr'><strong>exciuntur</strong></span> <span class='ocrx_word' id='word_1_356' title='bbox 1151 3949 1242 4023; x_wconf 71' lang='lat' dir='ltr'><strong>atqrw</strong></span> <span class='ocrx_word' id='word_1_357' title='bbox 1255 3939 1370 4024; x_wconf 77' lang='lat' dir='ltr'><strong>uicique</strong></span> 
     </span>
     <span class='ocr_line' id='line_1_36' title="bbox 261 4034 1370 4123; baseline -0.002 -24"><span class='ocrx_word' id='word_1_358' title='bbox 261 4039 294 4100; x_wconf 79' lang='lat' dir='ltr'><strong>in</strong></span> <span class='ocrx_word' id='word_1_359' title='bbox 308 4037 367 4099; x_wconf 80' lang='lat' dir='ltr'><strong>boe</strong></span> <span class='ocrx_word' id='word_1_360' title='bbox 381 4038 445 4121; x_wconf 79' lang='lat' dir='ltr'><strong>Iepe</strong></span> <span class='ocrx_word' id='word_1_361' title='bbox 457 4039 602 4121; x_wconf 65' lang='lat' dir='ltr'><strong>supini-m</strong></span> <span class='ocrx_word' id='word_1_362' title='bbox 617 4049 674 4100; x_wconf 81' lang='lat' dir='ltr'><strong>est.</strong></span> <span class='ocrx_word' id='word_1_363' title='bbox 685 4037 752 4100; x_wconf 92' lang='lat' dir='ltr'><strong>hoc</strong></span> <span class='ocrx_word' id='word_1_364' title='bbox 763 4037 871 4121; x_wconf 86' lang='lat' dir='ltr'><strong>ipsum</strong></span> <span class='ocrx_word' id='word_1_365' title='bbox 884 4047 973 4122; x_wconf 77' lang='lat' dir='ltr'><strong>alqroe</strong></span> <span class='ocrx_word' id='word_1_366' title='bbox 984 4039 1087 4123; x_wconf 72' lang='lat' dir='ltr'><strong>iiiique</strong></span> <span class='ocrx_word' id='word_1_367' title='bbox 1097 4036 1129 4098; x_wconf 92' lang='lat' dir='ltr'><strong>iu</strong></span> <span class='ocrx_word' id='word_1_368' title='bbox 1141 4034 1250 4099; x_wconf 85' lang='lat' dir='ltr'><strong>Milite</strong></span> <span class='ocrx_word' id='word_1_369' title='bbox 1260 4035 1370 4100; x_wconf 84' lang='lat' dir='ltr'><strong>Plauti</strong></span> 
     </span>
     <span class='ocr_line' id='line_1_37' title="bbox 261 4132 1368 4209; baseline -0.003 -12"><span class='ocrx_word' id='word_1_370' title='bbox 261 4155 306 4208; x_wconf 83' lang='grc' dir='ltr'>ιιι,</span> <span class='ocrx_word' id='word_1_371' title='bbox 315 4134 344 4207; x_wconf 90' lang='grc'><strong>3,</strong></span> <span class='ocrx_word' id='word_1_372' title='bbox 353 4132 392 4194; x_wconf 85' lang='grc'><strong>37</strong></span> <span class='ocrx_word' id='word_1_373' title='bbox 409 4133 577 4196; x_wconf 88' lang='lat' dir='ltr'><strong>sententia</strong></span> <span class='ocrx_word' id='word_1_374' title='bbox 591 4133 739 4198; x_wconf 85' lang='lat' dir='ltr'><strong>admittit</strong></span> <span class='ocrx_word' id='word_1_375' title='bbox 755 4183 763 4209; x_wconf 87' lang='lat'>,</span> <span class='ocrx_word' id='word_1_376' title='bbox 786 4135 915 4198; x_wconf 88' lang='lat' dir='ltr'><strong>numeri</strong></span> <span class='ocrx_word' id='word_1_377' title='bbox 929 4141 1109 4200; x_wconf 87' lang='lat' dir='ltr'><strong>recusant:</strong></span> <span class='ocrx_word' id='word_1_378' title='bbox 1131 4133 1190 4198; x_wconf 92' lang='lat' dir='ltr'><strong>ubi</strong></span> <span class='ocrx_word' id='word_1_379' title='bbox 1205 4155 1280 4196; x_wconf 90' lang='lat' dir='ltr'><strong>cum</strong></span> <span class='ocrx_word' id='word_1_380' title='bbox 1296 4134 1368 4197; x_wconf 90' lang='lat' dir='ltr'><strong>libri</strong></span> 
     </span>
     <span class='ocr_line' id='line_1_38' title="bbox 261 4230 1371 4317; baseline 0 -24"><span class='ocrx_word' id='word_1_381' title='bbox 261 4231 409 4296; x_wconf 83' lang='lat' dir='ltr'><strong>habeant</strong></span> <span class='ocrx_word' id='word_1_382' title='bbox 425 4230 588 4315; x_wconf 75' lang='lat' dir='ltr'><strong>Numquid</strong></span> <span class='ocrx_word' id='word_1_383' title='bbox 606 4234 724 4296; x_wconf 80' lang='lat' dir='ltr'><strong>uidetur</strong></span> <span class='ocrx_word' id='word_1_384' title='bbox 745 4234 901 4296; x_wconf 69' lang='lat' dir='ltr'><strong>detrectare</strong></span> <span class='ocrx_word' id='word_1_385' title='bbox 920 4243 974 4295; x_wconf 71' lang='lat' dir='ltr'><strong>nra</strong></span> <span class='ocrx_word' id='word_1_386' title='bbox 993 4233 1096 4317; x_wconf 74' lang='lat' dir='ltr'><strong>titique</strong></span> <span class='ocrx_word' id='word_1_387' title='bbox 1112 4232 1190 4295; x_wconf 75' lang='lat' dir='ltr'><strong>Diei</strong></span> <span class='ocrx_word' id='word_1_388' title='bbox 1210 4255 1272 4294; x_wconf 75' lang='lat' dir='ltr'><strong>esse</strong></span> <span class='ocrx_word' id='word_1_389' title='bbox 1292 4231 1371 4294; x_wconf 80' lang='lat' dir='ltr'><strong>cobis</strong></span> 
     </span>
     <span class='ocr_line' id='line_1_39' title="bbox 260 4327 1372 4414; baseline -0.001 -22"><span class='ocrx_word' id='word_1_390' title='bbox 260 4330 375 4392; x_wconf 77' lang='lat' dir='ltr'><strong>dodum</strong></span> <span class='ocrx_word' id='word_1_391' title='bbox 389 4327 469 4392; x_wconf 74' lang='lat' dir='ltr'><strong>britte</strong></span> <span class='ocrx_word' id='word_1_392' title='bbox 482 4327 637 4392; x_wconf 74' lang='lat' dir='ltr'><strong>inuectum</strong></span> <span class='ocrx_word' id='word_1_393' title='bbox 650 4329 798 4394; x_wconf 71' lang='lat' dir='ltr'><strong>militen?</strong></span> <span class='ocrx_word' id='word_1_394' title='bbox 809 4329 1022 4394; x_wconf 87' lang='lat' dir='ltr'><strong>scribendum</strong></span> <span class='ocrx_word' id='word_1_395' title='bbox 1039 4330 1193 4394; x_wconf 88' lang='lat' dir='ltr'><strong>existimo</strong></span> <span class='ocrx_word' id='word_1_396' title='bbox 1210 4328 1372 4414; x_wconf 64' lang='lat' dir='ltr'><strong>rt&#39;aeampu&#39;d</strong></span> 
     </span>
     <span class='ocr_line' id='line_1_40' title="bbox 259 4426 1369 4514; baseline 0.002 -24"><span class='ocrx_word' id='word_1_397' title='bbox 259 4429 376 4490; x_wconf 77' lang='lat' dir='ltr'><strong>ridetur</strong></span> <span class='ocrx_word' id='word_1_398' title='bbox 387 4427 543 4490; x_wconf 75' lang='lat' dir='ltr'><strong>detrudere</strong></span> <span class='ocrx_word' id='word_1_399' title='bbox 558 4427 618 4492; x_wconf 80' lang='lat' dir='ltr'><strong>olio</strong></span> <span class='ocrx_word' id='word_1_400' title='bbox 633 4439 722 4514; x_wconf 80' lang='lat' dir='ltr'><strong>atque</strong></span> <span class='ocrx_word' id='word_1_401' title='bbox 734 4429 777 4490; x_wconf 79' lang='lat' dir='ltr'><strong>uti</strong></span> <span class='ocrx_word' id='word_1_402' title='bbox 788 4429 869 4492; x_wconf 74' lang='lat' dir='ltr'><strong>Dixi</strong></span> <span class='ocrx_word' id='word_1_403' title='bbox 877 4427 892 4491; x_wconf 69' lang='lat'><strong>22</strong></span> <span class='ocrx_word' id='word_1_404' title='bbox 904 4437 942 4492; x_wconf 90' lang='lat' dir='ltr'><strong>ut</strong></span> <span class='ocrx_word' id='word_1_405' title='bbox 956 4427 1082 4491; x_wconf 84' lang='lat' dir='ltr'><strong>ibidem</strong></span> <span class='ocrx_word' id='word_1_406' title='bbox 1097 4435 1150 4491; x_wconf 88' lang='lat' dir='ltr'><strong>est</strong></span> <span class='ocrx_word' id='word_1_407' title='bbox 1164 4449 1208 4501; x_wconf 81' lang='lat' dir='ltr'><strong>tv,</strong></span> <span class='ocrx_word' id='word_1_408' title='bbox 1218 4427 1275 4502; x_wconf 81' lang='grc'><strong>7,8</strong></span> <span class='ocrx_word' id='word_1_409' title='bbox 1290 4426 1369 4492; x_wconf 82' lang='lat' dir='ltr'><strong>Ora·</strong></span> 
     </span>
     <span class='ocr_line' id='line_1_41' title="bbox 259 4521 1367 4610; baseline 0.001 -24"><span class='ocrx_word' id='word_1_410' title='bbox 259 4526 299 4588; x_wconf 82' lang='lat' dir='ltr'><strong>tio</strong></span> <span class='ocrx_word' id='word_1_411' title='bbox 321 4525 382 4590; x_wconf 83' lang='lat' dir='ltr'><strong>aiio</strong></span> <span class='ocrx_word' id='word_1_412' title='bbox 406 4521 479 4588; x_wconf 81' lang='lat' dir='ltr'><strong>midi</strong></span> <span class='ocrx_word' id='word_1_413' title='bbox 500 4526 711 4590; x_wconf 68' lang='lat' dir='ltr'><strong>detrectandis!</strong></span> <span class='ocrx_word' id='word_1_414' title='bbox 730 4549 820 4589; x_wconf 77' lang='lat' dir='ltr'><strong>urea.</strong></span> <span class='ocrx_word' id='word_1_415' title='bbox 843 4525 904 4590; x_wconf 88' lang='lat' dir='ltr'><strong>sod</strong></span> <span class='ocrx_word' id='word_1_416' title='bbox 927 4525 1025 4610; x_wconf 84' lang='lat' dir='ltr'><strong>plene</strong></span> <span class='ocrx_word' id='word_1_417' title='bbox 1048 4524 1187 4590; x_wconf 87' lang='lat' dir='ltr'><strong>similem</strong></span> <span class='ocrx_word' id='word_1_418' title='bbox 1208 4525 1367 4610; x_wconf 87' lang='lat' dir='ltr'><strong>originem</strong></span> 
     </span>
    </p>
   </div>
   <div class='ocr_carea' id='block_1_9' title="bbox 0 0 1490 5188">
    <p class='ocr_par' dir='ltr' id='par_1_9' title="bbox 0 0 1490 5188">
     <span class='ocr_line' id='line_1_42' title="bbox 0 0 1490 5188; baseline 0 4"><span class='ocrx_word' id='word_1_419' title='bbox 0 0 1490 5188; x_wconf 95' lang='lat' dir='ltr'><strong> </strong></span> 
     </span>
    </p>
   </div>
  </div>
 </body>
</html>
