2946 5188
268 397 323 526 10¹
732 557 739 562 Π
822 455 838 525 1

264 649 350 715 quae
365 625 428 693 nos
442 626 606 694 fecundae
620 637 791 696 vertentes
806 649 940 694 vomere
954 630 1070 715 glebas

264 744 432 830 terraique
447 742 554 808 solum
568 744 761 830 subigentes
776 745 880 810 cimus
893 743 939 808 ed
953 753 1063 809 ortus:

264 857 399 946 quodsi
415 859 506 924 nulla
518 833 647 935 forrrit,
658 866 775 924 nostro
791 860 862 924 sine
878 879 1032 944 quaeque
1045 858 1160 923 labore

263 983 384 1060 sponte
399 994 460 1038 sua
473 971 578 1038 multo
592 973 663 1038 fieri
677 972 815 1040 meliora
828 972 976 1038 videres.

190 1106 239 1151 222
303 1088 379 1152 Η22
394 1087 524 1153 accedit
538 1089 587 1152 uti
603 1088 747 1175 quicque
761 1089 796 1152 in
811 1109 872 1153 222
887 1109 1032 1173 corpora
1044 1107 1175 1152 rursum

263 1203 426 1269 dissoluat
440 1211 561 1268 222222
573 1202 743 1288 nequead
757 1201 859 1268 nilum
873 1203 1050 1268 interemat
1063 1223 1133 1266 res.
1209 1245 1213 1252 ·

219 1310 224 1322 ’
262 1339 338 1382 nam
354 1316 465 1404 siquid
479 1318 620 1384 mortale
635 1338 654 1381 e
668 1318 798 1383 cunctis
812 1318 966 1402 partibus
981 1325 1088 1389 esset,

263 1455 305 1496 ex
320 1433 425 1496 oculis
439 1453 494 1496 res
509 1453 663 1517 quaeque
678 1438 818 1516 repente
833 1445 950 1517 erepta
963 1432 1104 1516 periret:

261 1547 352 1611 nulla
366 1545 398 1608 vi
412 1543 502 1608 foret
516 1566 597 1608 usus
612 1545 713 1618 enim,
726 1565 812 1628 quae
826 1546 978 1630 partibus
993 1545 1063 1608 eius

190 1679 239 1724 222
262 1657 437 1724 discidium
451 1678 572 1744 perere
585 1667 619 1722 et
632 1679 739 1722 nexus
754 1659 928 1724 exsolvere
942 1665 1075 1745 posset.

262 1773 354 1860 quod
369 1795 458 1838 nunc
468 1822 475 1848 ‚
487 1780 624 1837 aeterno
640 1773 718 1857 quia
733 1779 891 1838 constant
905 1773 1028 1838 semine
1044 1793 1214 1859 quaeque.

261 1887 370 1953 donec
384 1888 435 1952 vis
451 1889 548 1964 obiit,
560 1907 646 1974 quae
660 1907 717 1951 res
730 1885 921 1953 diverberet
934 1889 1003 1952 ictu

262 2012 320 2068 aut
333 1995 423 2067 intu's
438 2009 592 2088 penetret
606 2023 667 2087 per
681 2001 792 2066 inania
807 2002 1054 2088 dissoluetque,

262 2117 381 2182 nullius
397 2117 530 2181 exitium
546 2117 673 2202 patitur
687 2124 807 2181 natura
820 2115 942 2182 videri.

191 2251 239 2296 222
259 2240 435 2320 praeterea
450 2253 536 2318 quae
552 2252 693 2316 cumque
707 2239 877 2296 vetustate
891 2239 1024 2296 amovet
1038 2239 1145 2301 22222,

263 2349 291 2413 si
306 2348 439 2434 penitus
453 2347 595 2432 peremit
609 2367 808 2412 consumens
824 2347 993 2412 materiem
1007 2366 1152 2418 omnem,

261 2461 351 2525 unde
366 2461 504 2526 animale
520 2482 624 2545 genus
639 2460 821 2544 generatim
835 2461 869 2525 in
883 2460 1006 2526 lumina
1019 2461 1107 2524 vitae

260 2575 417 2640 redducit
432 2575 565 2650 Venus,
577 2581 634 2638 222
646 2570 846 2637 redductum
861 2573 1004 2638 daedala
1018 2575 1116 2640 tellus

262 2688 351 2755 unde
366 2689 424 2754 alit
438 2696 539 2774 atque
554 2695 654 2774 auget
668 2688 849 2772 generatim
866 2689 988 2774 pabula
1001 2690 1192 2776 praebens?

193 2823 240 2869 222
261 2803 352 2869 unde
366 2824 457 2868 mare
467 2852 474 2879 ‚
485 2802 639 2889 ingenuei
654 2800 783 2876 fontes,
795 2811 997 2888 extentaque
1012 2803 1111 2889 longe

260 2919 394 2984 flumina
408 2916 650 3005 suppeditant?
661 2915 751 2982 unde
766 2917 884 2983 aether
899 2916 1010 2982 sidera
1025 2919 1155 3002 pascit?

261 3034 370 3099 omnia
385 3033 471 3096 enim
487 3032 604 3109 debet,
615 3031 746 3124 mortali
760 3053 903 3119 corpore
918 3053 1004 3118 quae
1019 3041 1111 3108 sunt,

261 3150 389 3214 infinita
404 3157 497 3213 22222
513 3167 712 3233 consumpse
727 3153 804 3210 ante
819 3155 895 3211 2222
910 3147 1063 3231 diesque.

262 3263 397 3350 quodsi
412 3265 446 3328 in
462 3283 502 3326 eo
516 3261 625 3346 spatio
641 3267 743 3344 atque
758 3268 836 3324 ante
851 3271 927 3324 2222
941 3269 1052 3325 aetate
1067 3260 1159 3326 fuere

189 3396 238 3442 225
261 3399 279 3442 2
294 3378 416 3464 quibus
430 3376 514 3439 haec
529 3393 640 3438 rerum
655 3373 808 3438 consistit
822 3395 949 3438 summa
963 3375 1104 3450 refecta,

261 3490 427 3556 inmortali
442 3495 520 3553 2222
534 3495 654 3552 natura
675 3485 829 3575 praedita
844 3497 948 3561 certe,

260 3607 345 3669 haut
359 3604 458 3689 igitur
472 3608 616 3690 possunt
631 3599 675 3666 ad
689 3602 791 3666 nilum
807 3625 959 3689 quaeque
973 3606 1109 3668 reverti⁴

262 3719 406 3805 denique
420 3741 474 3784 res
490 3716 596 3786 omnis
612 3715 728 3780 eadem
744 3717 795 3782 vis
811 3739 979 3806 causaque
994 3719 1095 3802 volgo

261 3835 455 3906 conficeret,
467 3833 529 3897 nisi
544 3833 699 3896 materies
714 3839 851 3896 aeterna
863 3840 1008 3908 teneret,

189 3967 237 4014 242
259 3949 346 4014 iuter
361 3971 398 4014 se
413 3970 499 4011 nexu
515 3947 623 4011 minus
638 3953 696 4011 222
710 3946 814 4032 inagis
828 3946 1037 4033 indupedita:

264 4073 373 4129 tactus
389 4062 546 4127 enimleti
562 4061 643 4126 satis
658 4068 749 4126 esset
764 4081 865 4126 22222
878 4061 1048 4147 profecto:

263 4178 404 4267 quippe,
415 4177 472 4240 ubi
486 4176 577 4240 nulla
590 4175 705 4240 forent
717 4184 855 4241 aeterno
871 4195 1030 4262 corpore,
1043 4197 1185 4260 quorum

263 4431 311 4478 215
331 4423 454 4494 quicquid
473 4424 498 4476 in
518 4425 528 4490 12
546 4430 595 4475 217
615 4441 629 4474 2
647 4431 779 4478 cinerum.
800 4424 877 4488 11230
896 4429 1057 4493 cxternsque
1075 4424 1085 4490 ΙΙ
1105 4429 1154 4476 240
1173 4439 1258 4476 nexus
