2990 5202
275 473 343 544 190
803 473 852 544 Ill

270 649 399 736 scripta
410 646 538 714 edidit.
557 645 635 728 Qut
647 646 723 714 Itali
735 655 770 712 ct
780 647 946 714 Marullus
958 656 993 715 et
1000 648 1185 725 Aventius,
1197 649 1393 718 secundum

270 746 408 814 eosdem
420 745 528 812 Italos
541 745 707 811 Aventius
719 747 868 812 moenum
881 767 943 822 sa,
955 746 1140 813 Lambinus
1155 769 1336 814 nonnas.

352 845 424 910 890.
448 863 782 928 rorasassacsan
810 865 989 911 rasurus
1010 893 1019 912 .
1041 843 1120 911 Itali
1140 855 1176 912 ct
1195 845 1393 914 Brixicnsis

270 943 375 1010 editio
391 963 670 1008 recesseras.

352 1040 422 1106 893.
438 1061 618 1106 aursana
634 1061 845 1106 cancrum.
860 1041 1027 1108 Marullus
1042 1063 1273 1108 oarsrrna.
1285 1043 1392 1110 scho-

269 1140 385 1204 liastes
400 1138 502 1205 Statii
515 1136 561 1203 ad
575 1137 776 1204 Thebaidos
790 1161 839 1216 111,
847 1139 889 1206 98
902 1149 936 1206 al
949 1139 1136 1220 haeretico,
1154 1139 1241 1206 [neu
1254 1140 1393 1207 hom

210 1225 221 1236 ⁷
267 1236 661 1324 emmerammo.

350 1335 422 1402 894.
447 1335 589 1401 Auram
608 1355 689 1398 nort
711 1355 848 1400 conus
868 1357 1092 1400 ncc1rrar.
1120 1335 1176 1401 lta
1196 1337 1389 1424 oblongus.

268 1433 455 1520 quadratus
476 1433 611 1498 Vimicm
629 1456 640 1496 .·
667 1452 744 1496 nam
760 1453 835 1496 cum
848 1432 977 1500 habere
992 1433 1079 1498 Nam
1091 1435 1157 1498 iam
1169 1434 1389 1500 mendacium

267 1541 336 1600 est.
348 1533 427 1598 olim
440 1531 597 1617 impressi
606 1533 745 1596 lamam
755 1532 810 1597 vel
819 1533 960 1612 Aeeten,
971 1531 1064 1598 unde
1074 1531 1240 1597 Marullus
1249 1535 1295 1600 At
1303 1535 1388 1598 iata.

267 1631 475 1716 aptissimum
490 1636 543 1694 est
558 1629 634 1694 lau
644 1631 729 1712 iam,
740 1629 836 1716 quod
848 1631 955 1698 habet
969 1631 1136 1698 Antonius
1149 1631 1269 1696 Marii.

349 1728 420 1794 897.
441 1749 562 1791 raoni
584 1745 867 1796 rnoannrrecs
889 1729 1208 1796 sssr.Corrector
1222 1730 1387 1816 quadrati

268 1834 304 1892 et
316 1826 407 1891 idem
420 1825 590 1890 Antonius
603 1846 767 1891 recrrs.

348 1923 420 1990 902.
435 1922 522 2005 Quo
538 1945 641 1989 arur
656 1946 692 1989 sr
707 1946 912 1992 nicanor.
931 1924 1020 1991 Olim
1032 1924 1300 2012 impressi,item
1314 1927 1386 1990 An·

266 2023 380 2090 tonius
395 2029 430 2088 et
443 2021 626 2099 Marullus,
638 2021 755 2104 Quoo
770 2023 859 2088 bete.

282 2109 290 2124 ’
349 2121 420 2188 906.
435 2122 582 2186 Annos
602 2142 828 2186 uoaarrroo
851 2143 976 2186 ornan
996 2141 1159 2186 rscruu
1180 2143 1227 2184 rr
1249 2143 1383 2187 ruore

267 2244 396 2288 sucro
416 2271 424 2286 .
447 2219 578 2286 Nonius
599 2218 972 2307 commonefacerem,
992 2222 1026 2284 ia
1039 2221 1171 2284 cionem
1185 2219 1382 2286 danem

256 2321 408 2411 ficarolio
426 2331 462 2384 ut
482 2318 664 2406 tepefaceret
685 2329 714 2381 el
735 2318 918 2404 hbesoctum
936 2365 944 2380 .
965 2317 1129 2384 Lemeeue
1144 2317 1194 2382 lit.
1205 2307 1244 2381 11'1
1259 2319 1316 2382 Ae
1327 2341 1383 2382 πω

264 2417 408 2484 levitico
421 2437 686 2482 erroneorum
700 2427 729 2479 te
736 2437 836 2500 prope
852 2415 959 2480 codro.
975 2415 1120 2500 pessimo
1133 2414 1381 2501 interpretatur
1486 2441 1487 2448 ¹

264 2515 413 2590 Nonius,
424 2512 523 2578 huius
532 2511 626 2577 modi
636 2511 818 2576 verborum
832 2511 973 2576 rationis
986 2511 1142 2598 ignarus:
1152 2533 1230 2576 nam
1245 2514 1380 2601 cinefac-

264 2625 312 2678 ao
321 2632 390 2677 non
402 2619 454 2676 est
464 2611 493 2675 is
505 2609 562 2695 qui
574 2609 658 2673 cinis
667 2608 779 2673 factus
795 2618 865 2686 est,
877 2631 976 2695 quem
990 2608 1112 2676 Latine
1126 2610 1250 2676 licebat
1264 2610 1381 2678 dicere

265 2710 450 2800 conficerem
463 2707 518 2772 vel
536 2707 665 2774 rustico
679 2707 847 2772 vocabulo
868 2710 947 2773 eiou’
958 2709 1083 2797 saetam
1102 2712 1197 2794 (nam
1216 2708 1275 2774 lece
1294 2711 1382 2776 eim

263 2809 393 2874 habent
406 2805 572 2894 glossaria
585 2804 737 2871 Labbaei
759 2811 794 2870 et
808 2804 941 2871 Siculus
955 2807 1097 2873 Flaccus
1113 2805 1157 2872 de
1171 2807 1380 2874 condicioni·

263 2908 329 2974 bus
343 2925 502 2994 agrorum
516 2903 628 2991 p.140,
641 2904 677 2968 17
694 2951 703 2980 ,
721 2903 802 2969 item
816 2903 872 2968 alii
886 2926 1060 2970 mensores
1074 2905 1217 2990 pacat
1231 2906 1271 2992 5)
1288 2955 1296 2983 ,
1316 2906 1380 2973 sed

257 3029 359 3095 prope
372 3005 539 3093 musceta
553 3011 608 3070 eat
622 3002 680 3090 qui
692 3002 758 3068 iam
772 3023 881 3089 prope
896 3003 1018 3068 cineris
1030 3003 1179 3070 colorem
1189 3011 1225 3069 et
1234 3005 1379 3091 adspeo·
1485 3091 1486 3102 ἵ

262 3111 334 3172 tom
347 3111 492 3170 nanctus
508 3111 577 3182 est;
588 3125 631 3170 er
646 3123 714 3189 quo
729 3108 874 3189 apparet
884 3123 985 3168 versu
997 3102 1153 3189 proximo
1163 3102 1377 3170 membranas

262 3211 355 3271 recte
368 3203 496 3268 habere
511 3201 730 3267 Imatiobiliter
743 3201 932 3292 deflevimus,
943 3201 1049 3267 libros
1063 3201 1248 3288 impressos
1262 3203 1376 3289 inepte
1485 3205 1486 3212 ’

262 3301 451 3392 delebimm.
461 3298 590 3365 scilicet
600 3297 686 3363 hacc
694 3300 801 3365 verba
812 3305 892 3362 ante
903 3299 1015 3364 omnia
1025 3299 1069 3364 ab
1081 3297 1154 3364 aliis
1164 3299 1377 3386 segreganda

263 3405 359 3473 sunt.
371 3417 446 3462 cum
461 3397 585 3482 quibus
599 3393 683 3460 nihil
697 3415 873 3461 commune
886 3395 1036 3472 habent,
1049 3403 1089 3461 ut
1103 3396 1293 3484 benefacere
1302 3445 1311 3473 ,
1318 3397 1375 3485 sc-
1485 3415 1486 3430 ¹

261 3497 314 3561 bre
319 3495 431 3583 secere
444 3543 453 3575 ,
472 3494 578 3578 meyri
591 3493 646 3557 vel
660 3494 740 3558 locri
753 3494 809 3558 vel
822 3495 972 3581 eceepemli
985 3493 1041 3560 vel
1053 3494 1307 3582 cumjacere,
1328 3496 1375 3560 lc·

261 3591 447 3679 dossum,
457 3593 525 3656 vole
531 3591 644 3677 secere
654 3638 663 3669 ,
674 3612 743 3675 quo
757 3590 832 3656 Afri
845 3591 899 3657 usi
913 3602 992 3658 sunt
1006 3613 1070 3679 pro
1084 3594 1152 3658 vole
1166 3593 1269 3658 diem
1280 3641 1288 3658 .
1298 3613 1375 3658 nam

261 3711 302 3755 ea
323 3689 367 3754 de
389 3689 512 3775 quibus
527 3687 656 3774 agimm
671 3708 692 3751 a
706 3689 819 3754 verbis
832 3690 964 3756 neutris
979 3687 1215 3766 descendunt,
1238 3699 1277 3755 ut
1296 3701 1375 3756 aare

251 3788 384 3876 secere,
404 3788 618 3876 malefacere,
634 3786 869 3874 patefacere,
892 3788 1144 3876 eccoodesceere
1163 3837 1172 3870 ,
1189 3789 1375 3876 pallescere

259 3885 364 3971 (apud
377 3885 567 3952 Diomeden
581 3905 613 3970 p.
622 3883 697 3970 334)
711 3932 721 3961 ,
735 3893 866 3952 cetera.
881 3907 963 3974 orgo
974 3886 1142 3974 cinefactum
1152 3895 1207 3952 est
1216 3907 1238 3951 a
1249 3889 1374 3952 eamme

259 3983 314 4048 vel
328 3985 500 4050 dneaeendc
516 4033 525 4064 ,
547 3982 642 4070 quod
654 4003 725 4048 non
738 3983 847 4048 minus
861 3993 955 4050 recto
970 3984 1037 4050 dici
1051 3985 1164 4071 potuit
1178 4005 1281 4070 quam
1295 3986 1371 4050 eae

257 4104 397 4162 meere,
419 4103 487 4168 quo
502 4081 747 4148 Tertullianum
767 4105 864 4148 usum
885 4105 960 4150 esse
974 4085 1009 4148 in
1023 4083 1132 4148 lexioa
1146 4083 1292 4148 relatum
1306 4091 1372 4148 est:

257 4178 362 4244 simila
375 4179 462 4244 enim
474 4186 527 4245 est
537 4179 631 4265 quod
639 4179 806 4246 Horatius
817 4180 904 4246 dixit
915 4181 1070 4272 eiaifleoee
1078 4229 1086 4245 .
1095 4180 1313 4246 memorabile
1323 4191 1373 4246 est

256 4285 369 4343 autem
390 4298 459 4340 non
481 4277 592 4342 omnia
606 4297 628 4341 a
641 4279 755 4344 verbis
776 4277 944 4344 secundae
966 4279 1202 4346 declinationis
1217 4277 1370 4352 formari,

140 4397 144 4407 ·
255 4376 318 4442 sed
340 4399 412 4442 voce
421 4376 500 4465 fieri
521 4383 555 4440 et
576 4375 643 4442 tate
653 4377 731 4466 fieri
750 4398 771 4440 a
788 4398 902 4444 cacare
922 4385 958 4442 ct
977 4379 1105 4458 labore,
1127 4389 1221 4444 treme
1226 4377 1372 4464 soceeea

253 4487 402 4554 merare,
422 4474 665 4562 ecperyesootem
679 4495 761 4540 vero
777 4493 818 4538 ne
834 4476 877 4540 ab
892 4499 1057 4564 eaperyere
1074 4473 1211 4562 quidem
1226 4523 1235 4550 ‚
1250 4475 1315 4542 sod
1328 4475 1369 4540 ab
