2990 5202
284 489 353 558 180
815 485 862 554 111

282 662 487 728 aoncrra'a
512 709 518 724 .
544 659 648 724 seda
671 661 727 724 leto
750 679 885 744 quoquo
907 657 1145 722 asciscendum
1168 643 1242 723 erat
1267 705 1274 732 ,
1306 659 1399 722 utin

282 785 325 838 vr,
344 761 424 826 1042
446 783 466 823 a
488 759 590 845 lapide
611 757 666 822 tue
686 807 692 819 .
716 777 822 841 quare
842 757 878 820 in
900 779 931 829 v,
946 755 1008 820 485
1029 756 1118 820 malo
1141 781 1161 821 a
1182 758 1289 821 linum*
1308 769 1400 840 parte

282 881 383 945 quam
398 859 453 922 ab.
894 873 897 880 '

366 957 494 1022 diibus
509 977 633 1020 sanan
649 975 804 1018 coneus
820 975 956 1016 ranan
970 974 1155 1016 sarasar
1170 952 1398 1031 omns.Qua·

282 1057 402 1121 duatus
418 1055 531 1145 afluat.
547 1052 610 1118 sed
625 1051 831 1118 contrarium
845 1071 901 1115 res
915 1049 1088 1136 postulat:
1104 1049 1225 1116 debuit
1239 1051 1330 1114 enim
1342 1049 1397 1116 hic

280 1154 318 1219 id
333 1153 399 1219 dici
414 1152 508 1239 quod
522 1172 637 1216 verum
652 1171 722 1214 non
736 1158 828 1215 esset
843 1197 851 1224 ‚
872 1171 947 1214 cum
962 1171 1005 1213 ex
1020 1147 1157 1214 diverso
1170 1169 1290 1212 verum
1305 1149 1349 1212 sit
1363 1147 1397 1212 in

281 1253 444 1342 proximis
459 1301 466 1326 ‚
489 1253 533 1315 ila
547 1261 693 1314 canescat
703 1285 740 1296 -
753 1250 798 1312 ati
812 1249 912 1312 doalea
925 1269 1044 1335 quoque
1057 1271 1146 1311 soleo
1154 1248 1395 1333 partierpentar

279 1345 456 1438 perspexit
468 1350 587 1415 vitium
598 1349 798 1420 Lambinus,
810 1345 872 1410 sed
886 1347 1052 1410 rationem
1067 1365 1137 1409 non
1152 1345 1328 1430 exposuit,
1338 1365 1397 1407 ne-

281 1471 347 1536 que
362 1470 436 1514 eam
451 1455 510 1511 aut
526 1445 708 1510 Creechius
730 1452 790 1509 aut
804 1443 1035 1510 Wakefieldus
1056 1465 1119 1528 per
1141 1465 1177 1506 sc
1198 1441 1396 1528 intellegere

222 1583 229 1593 ·
280 1549 414 1635 potuit.
435 1545 600 1630 Forbiger
621 1544 766 1629 ingenua
788 1542 1002 1628 simplicitate
1020 1536 1150 1606 ‘Lamb
1173 1540 1340 1606 Gassend.
1364 1554 1395 1604 et

282 1644 420 1710 Creech.
435 1642 587 1729 spurium
602 1648 760 1715 censent,
774 1641 890 1704 nescio
905 1687 914 1714 ‚
929 1661 997 1726 qua
1012 1638 1055 1704 de
1071 1661 1174 1704 eausa
1183 1641 1207 1704 .’
1217 1640 1396 1704 Lueretius

280 1742 418 1808 videtur
431 1740 610 1825 scripsisse
623 1751 658 1802 ut
669 1763 758 1802 serm
773 1761 883 1824 corpere
894 1750 997 1802 tumen
1011 1759 1168 1803 necans
1183 1737 1394 1802 marae.malet

191 1863 195 1874 ·
220 1837 227 1853 ‘
282 1847 396 1904 tamen
411 1839 500 1926 afilae
514 1837 571 1922 qui
586 1835 686 1900 huius
700 1835 792 1900 modi
807 1837 1040 1922 compositam
1051 1857 1114 1901 usu
1125 1843 1278 1900 veterum
1291 1835 1397 1900 fixisse

281 1937 515 2002 demonstrare
529 1933 675 2020 poterit:
690 1954 768 1997 nam
781 1934 889 2020 desecat
900 1935 936 1997 in
950 1933 1062 2000 Plauti
1077 1933 1286 1998 Bacchidum
1300 1934 1396 1998 initio

282 2037 354 2100 sine
370 2039 509 2098 auctora
523 2031 648 2096 fertur.

364 2131 434 2196 690.
451 2129 565 2212 Quor>
580 2151 691 2194 arani
708 2150 866 2194 rorum.
887 2130 1070 2196 Lambinus
1086 2151 1161 2194 cum
1174 2131 1284 2215 probe
1297 2130 1396 2194 intel·

280 2233 419 2296 lexissat
434 2251 509 2294 cum
522 2228 588 2293 illis
602 2229 757 2294 versibus
772 2277 779 2302 ‚
804 2249 947 2313 quorum
960 2229 1160 2314 principium
1176 2233 1230 2293 e'st
1241 2229 1329 2294 Nam
1343 2253 1397 2292 ae-

279 2353 339 2418 que
352 2341 433 2394 mato
447 2351 559 2414 opere,
580 2327 796 2390 coniunctum
811 2345 886 2389 csse
902 2326 995 2411 quod
1010 2325 1064 2390 his
1080 2326 1228 2420 quinque
1243 2326 1397 2390 carmini-

234 2459 242 2472 ’
278 2429 343 2493 bus
363 2426 549 2490 interiectis
572 2423 726 2508 sequitur
744 2471 751 2496 ‚
772 2424 841 2487 Nec
855 2434 917 2486 mm
931 2435 1084 2488 conectere
1099 2447 1167 2488 eum
1180 2425 1262 2503 sint,
1282 2431 1396 2488 tamen
1479 2437 1481 2450 ·

279 2525 381 2588 homo
397 2521 583 2586 levissimus
598 2541 716 2584 verum
729 2541 889 2586 versuum
911 2529 946 2585 et
967 2521 1132 2586 orationis
1153 2521 1309 2586 ordinem
1329 2543 1395 2586 non

279 2620 385 2685 vidit.
401 2626 535 2684 ceteros
550 2617 640 2682 ultra
654 2617 853 2684 Lambinum
867 2641 936 2684 non
951 2620 1106 2706 sapuisse
1119 2621 1229 2685 minus
1242 2621 1365 2686 miror.

363 2715 433 2780 691.
464 2737 627 2780 conexa
657 2737 732 2779 sar
753 2737 929 2780 vrscsan
960 2741 1035 2784 ran
1055 2739 1189 2784 vanas
1219 2739 1394 2782 naevos.

176 2803 181 2816 '
280 2816 463 2880 eorrector
478 2812 635 2898 quadrati
651 2820 686 2878 et
700 2814 804 2879 ceteri
825 2835 899 2880 aaa
920 2837 1055 2880 vanas
1075 2819 1192 2882 aiacem
1205 2839 1337 2898 nucea,
1357 2825 1397 2880 ut

279 2911 475 2979 versu217.

281 3030 284 3036 ¹
361 3010 626 3076 saumones
654 3033 703 3074 ur
731 3033 904 3076 rnnrcan
933 3033 980 3076 ar
1011 3034 1163 3076 aaaron
1191 3035 1395 3078 srnrncon

279 3133 413 3188 acus.
443 3107 639 3190 Quadratus
669 3132 770 3196 aquae
797 3157 805 3174 .
834 3109 906 3174 eius
928 3117 1104 3176 corrector
1121 3111 1243 3196 pelidae
1262 3113 1395 3198 atriaque

278 3231 424 3286 accur.
442 3207 518 3272 Itali
534 3229 707 3272 canum
717 3255 724 3269 .
736 3207 770 3270 in
786 3207 904 3272 morbo
920 3205 1049 3274 frustra
1063 3215 1281 3296 argutantur:
1291 3209 1393 3274 mani-

277 3307 367 3370 festo
383 3305 599 3370 scribendum
613 3313 666 3369 cst
679 3305 869 3370 Monsus.

362 3401 499 3465 coeloe
514 3423 636 3464 sarrs
651 3423 880 3468 onerassus
897 3423 1057 3468 scarras
1072 3425 1091 3466 a
1107 3425 1311 3470 snuoraus
1326 3427 1393 3470 ns·

277 3521 353 3563 rsa
368 3547 375 3563 .
398 3499 580 3564 Creechius
594 3506 688 3563 recte
703 3521 831 3564 sxraa
842 3521 952 3566 ssus:
975 3500 1038 3566 sed
1051 3509 1230 3587 praeterea
1244 3505 1393 3570 scriben-

278 3594 359 3660 dum
374 3617 444 3660 sus
454 3617 547 3660 rans
570 3645 576 3658 .
597 3595 783 3681 Forbigero
799 3597 1002 3662 Wakefieldi
1015 3599 1191 3665 barbaries
1206 3601 1308 3666 valde
1323 3601 1393 3688 pla·

278 3703 350 3768 eet,
367 3695 425 3780 qui
440 3695 524 3759 dicit
537 3693 769 3780 aubitassnaeyee
784 3715 858 3760 esse
873 3697 1044 3762 nabeumee.

357 3791 428 3858 702.
456 3791 742 3857 Drsrsnnrun
767 3813 875 3856 -snoo
904 3815 980 3858 rsa
1007 3815 1186 3860 enonas.
1207 3795 1392 3862 Brixiensis

277 3888 380 3955 editio
396 3893 584 3978 Diapwtiem
598 3891 677 3955 enim
692 3937 699 3964 ‚
716 3889 792 3956 Itali
806 3898 842 3956 et
855 3891 1020 3958 Marullus
1036 3894 1205 3979 Drtperta'ta
1219 3917 1294 3980 enyo
1307 3941 1316 3960 .
1331 3894 1392 3958 ho·

275 4008 349 4051 rum
362 3997 517 4054 nannum
531 4009 649 4054 verum
664 3998 738 4054 est:
763 3989 807 4055 de
828 3993 933 4056 anima
954 3991 1041 4056 enim
1062 3989 1129 4056 hoc
1143 3992 1278 4058 dicetur
1289 3992 1390 4066 infra,

275 4083 362 4148 Dum
382 4088 471 4171 quasi
485 4109 547 4172 per
567 4088 695 4170 eaulca,·
710 4109 778 4173 quo
800 4087 839 4152 fit
858 4095 898 4154 ut
919 4087 986 4153 hoc
1008 4087 1053 4154 ad
1075 4091 1176 4155 edum
1195 4089 1316 4158 referri
1333 4089 1391 4156 de·

263 4181 1067 4272 beat,ita‚D1srsnrrrussu1npercaaIae.

356 4279 427 4345 705.
443 4301 623 4356 QUAMVIS
637 4303 710 4346 ssa
725 4305 908 4347 arraona
925 4305 1078 4350 necans
1093 4285 1253 4354 Connus
1268 4309 1389 4352 auur.

274 4375 469 4458 Quadratus
483 4401 585 4444 reeca.
601 4379 765 4444 Marullus
779 4383 907 4466 φιαηυίε
929 4401 1113 4448 russone
1132 4406 1237 4449 recem
1252 4407 1295 4450 rra
1313 4385 1388 4450 Cor·
