3034 5198
665 475 711 542 ιιι
1092 441 1093 446 ‘
1173 477 1240 544 143

129 652 240 736 ipsum
256 649 421 714 Antonius
436 647 537 711 Marii
557 647 695 713 exhibet
719 697 725 710 .
752 648 828 712 olim
851 649 1005 734 impressi
1029 657 1063 720 et
1077 650 1241 715 Marullus

131 756 224 813 recte
239 747 269 810 Ε
283 746 411 811 tenebris
425 747 531 808 mutis.

214 847 242 909 7.
259 844 454 910 Crcuus.
475 845 530 907 Sic
546 844 735 929 oblongus:
756 843 943 929 quadratus
963 846 1055 910 Ciuile
1067 893 1073 907 .
1085 847 1120 910 io
1135 870 1170 922 11,
1180 847 1240 912 505

131 953 276 1028 uterque
287 965 415 1030 calmes.
432 943 599 1028 oblongus
609 942 645 1006 in
656 939 762 1018 ιι,824
773 965 818 1016 ιι,
829 942 885 1008 181
899 942 1079 1030 9100y9uos
1090 953 1125 1008 et
1136 949 1241 1033 cyyai,

131 1044 189 1107 ubi
201 1041 389 1128 quadratus
401 1065 417 1104 e
428 1040 575 1104 litteram
587 1039 726 1106 exhibet
742 1090 749 1103 .
763 1039 941 1105 Lucretius
953 1049 1065 1105 utrum
1077 1041 1240 1110 Graecam

45 1169 54 1184 ·
132 1162 175 1204 au
182 1139 337 1204 Latinam
349 1136 730 1221 rationempraetulerit
748 1137 879 1201 nescio:
898 1145 990 1202 certe
1009 1139 1172 1225 syllabam
1181 1163 1239 1206 nc-

132 1259 199 1324 que
212 1239 268 1303 hic
282 1257 393 1323 oeque
403 1235 574 1321 Vergilius
590 1236 769 1320 corripuit.
782 1257 822 1300 ea
837 1243 996 1320 correpte
1005 1236 1195 1304 Martialem
1206 1241 1241 1303 in

132 1336 355 1424 1u103ey9no
368 1335 544 1418 scripsisse
555 1354 623 1396 non
636 1331 771 1397 videtur
783 1333 958 1399 credibile.
969 1355 1047 1397 mox
1055 1335 1126 1400 ledi
1133 1337 1241 1420 prima

131 1456 232 1500 manu
246 1434 412 1519 oblongus
424 1481 432 1508 ‚
446 1433 537 1496 hoedi
549 1431 639 1496 idem
655 1452 675 1494 a
690 1440 882 1496 correctore
899 1440 932 1496 et
948 1431 1155 1516 quadratus,
1170 1433 1239 1498 No-

131 1535 206 1597 nius
221 1555 252 1618 p.
262 1533 360 1604 30u9
375 1543 423 1606 et,
439 1529 510 1604 420,
519 1529 559 1592 32
575 1531 641 1594 aeri
656 1580 663 1593 .
683 1530 718 1593 in
733 1553 767 1603 11,
777 1530 837 1594 367
854 1530 1064 1596 membranae
1079 1531 1190 1598 laedi.
1205 1534 1240 1598 in

134 1632 297 1695 Varronis
320 1629 362 1693 de
391 1629 505 1714 lingua
525 1627 648 1692 Latina
669 1649 691 1691 v
705 1628 786 1712 peu
801 1628 975 1693 Mediceus
1005 1629 1116 1694 codex
1143 1631 1239 1715 (nam

132 1729 331 1815 Spengelius
346 1749 414 1791 non
430 1726 541 1790 omnia
554 1733 647 1790 recte
662 1725 813 1812 rettulit)
827 1729 912 1790 iscus
921 1728 1005 1814 quod
1016 1730 1238 1818 suoiua‘fireos.

131 1829 214 1914 'quod
224 1827 397 1912 illicfoedus
410 1827 443 1888 io
457 1827 530 1890 lolio
544 1847 619 1889 rure
638 1825 717 1911 [qui
730 1827 763 1888 in
776 1827 851 1890 urbe
866 1825 978 1890 deleta
984 1828 1006 1912 J
1021 1828 1114 1892 bedam
1135 1832 1188 1917 qui
1206 1832 1239 1894 iu

130 1929 205 1992 urbe
218 1938 252 1990 ut
263 1929 296 1990 io
307 1927 411 1990 snubb
425 1925 583 1992 ·a·,udds'lo
598 1925 692 1987 aedua
707 1972 720 1998 .,
736 1946 837 1990 versu
851 1925 1005 2011 proximo
1021 1927 1149 2013 etsortis
1162 1928 1238 1994 libri

132 2033 166 2088 et
179 2025 310 2089 Nonius
324 2045 355 2108 p.
365 2023 444 2102 306,
455 2022 544 2086 idem
557 2044 590 2106 p.
600 2021 661 2087 420
676 2046 729 2086 cc.

213 2123 242 2185 9.
258 2121 340 2196 Τιι,
362 2143 512 2193 saron,
534 2142 579 2184 ss
600 2143 731 2183 uenum
751 2143 983 2184 ruveraron.
1000 2119 1175 2209 Oblongus
1191 2149 1237 2203 ee,

130 2221 319 2306 quadratus
333 2243 365 2298 e,
379 2219 479 2283 huius
494 2225 669 2283 corrector
682 2223 715 2284 ό.

217 2318 414 2380 ll.ouu1a
436 2339 617 2380 trusus.
641 2317 747 2382 Recte
762 2317 928 2381 Aventius
944 2341 1120 2394 erasus,
1144 2321 1238 2405 quod

129 2417 209 2481 lima
223 2413 314 2478 nulla
329 2421 381 2478 est
394 2415 429 2476 in
443 2435 503 2478 ore
517 2415 627 2498 apium
642 2415 851 2499 pascentium
867 2463 875 2488 ,
893 2415 1023 2501 qualem
1038 2418 1156 2483 tribuit
1170 2421 1237 2484 edri

130 2513 246 2602 subtili
262 2510 436 2576 Vitruvius
451 2559 458 2586 ,
474 2533 548 2575 cum
564 2511 646 2578 dicit
659 2514 692 2577 in
708 2537 738 2588 v,
747 2514 805 2588 9‚5
820 2515 902 2600 quod
915 2537 953 2578 ex
965 2516 1111 2580 uiridibus
1124 2509 1239 2583 suite

128 2625 158 2678 et
172 2621 347 2686 extenuatus
358 2621 413 2674 alr
420 2621 549 2696 propter
558 2613 716 2676 meliorum
729 2613 865 2698 eorporis
875 2613 1003 2700 influens
1010 2617 1159 2700 perlimat
1169 2640 1237 2702 spe·

128 2713 205 2774 ciem
213 2760 221 2790 ,
232 2709 300 2775 hoc
314 2717 367 2774 est
381 2709 530 2774 oculum.
540 2709 684 2775 Horatio
698 2710 817 2775 ludere
832 2711 941 2787 licuit,
951 2713 1025 2776 Non
1038 2715 1106 2778 latio
1118 2715 1238 2802 obliquo

127 2807 216 2874 oculo
223 2831 291 2872 mea
300 2810 456 2875 commodo
464 2811 627 2896 quisquam
635 2811 756 2883 Mutat,
768 2810 864 2893 quasi
872 2812 939 2873 limi
946 2813 1027 2875 emeli
1035 2834 1055 2875 a
1063 2813 1137 2877 lima
1146 2813 1237 2878 dicc-

127 2914 265 2981 rentur3
289 2927 387 2991 quem
403 2905 583 2970 admodum
600 2913 634 2970 et
647 2907 789 2971 Plautus
802 2907 912 2980 ludit,
931 2927 1006 2970 cum
1021 2909 1123 2972 dolum
1137 2913 1239 2976 dolori

126 3002 213 3068 dicit
227 3050 235 3078 ,
252 3012 285 3067 et
298 3005 409 3068 nostri
423 3003 576 3066 homines
591 3006 714 3087 partim
728 3004 901 3077 iocantur,
922 3005 1044 3085 partim
1057 3006 1237 3084 falluntur,

126 3122 207 3166 cum
214 3100 350 3184 yerulen
361 3097 534 3161 deducunt
545 3119 565 3162 a
576 3099 688 3173 rudem
702 3119 844 3184 quorum
856 3099 963 3162 altero
975 3100 1124 3166 studium
1136 3106 1237 3190 signi·
1291 3097 1303 3104 '¹

123 3199 250 3264 ficetur
261 3240 274 3268 ,
285 3195 391 3258 altero
408 3195 503 3278 quies
518 3245 525 3258 .
541 3194 632 3282 apud
647 3195 839 3260 Phaedrum
852 3196 888 3259 in
902 3218 950 3270 111,
963 3196 1060 3272 ιο,49
1073 3197 1153 3264 ferri
1169 3223 1237 3266 non

126 3294 235 3360 debet
244 3294 272 3356 si
282 3293 475 3356 menducium
487 3291 634 3356 Subtilioe
648 3295 794 3372 liniasset,
807 3292 869 3357 sed
883 3315 951 3358 non
965 3302 1035 3359 tam
1049 3317 1123 3360 cum
1133 3297 1237 3364 Bent-

120 3393 196 3457 leio
211 3393 339 3454 samotra
353 3389 566 3455 scribendum
582 3399 634 3456 est
649 3412 746 3476 quam
761 3393 915 3472 rimasset,
928 3414 994 3477 quo
1005 3403 1141 3482 praeter
1152 3398 1237 3463 anti·

127 3489 268 3575 quiores
290 3487 380 3551 circa
400 3487 487 3551 idem
508 3496 643 3574 tempus
656 3489 782 3554 Iliados
799 3491 966 3579 interpres
987 3513 1068 3557 usus
1091 3499 1144 3559 est
1157 3497 1236 3573 456,

133 3587 274 3672 Undique
288 3585 442 3649 emulum
453 3587 576 3651 inimico
591 3611 721 3673 corpora
728 3589 834 3676 ferro.

216 3682 262 3745 15.
285 3681 485 3746 Naronem
517 3706 649 3748 ιιιιιιιιιι
681 3706 836 3748 nrvrua
868 3707 999 3750 naurs
1033 3711 1235 3757 occursu.

128 3779 326 3860 Quadratus
342 3791 477 3844 cosmam
493 3828 500 3844 .
517 3781 632 3866 inepte
645 3783 829 3849 Lambinus
845 3783 888 3848 de
904 3785 1098 3850 coniectura
1112 3787 1236 3856 Donati
1347 3817 1350 3823 ·

126 3879 284 3943 Iannocti
297 3878 483 3943 florentini
497 3879 583 3943 baud
595 3882 697 3945 divina
706 3909 717 3944 .·
738 3882 886 3967 ineptius
901 3881 1133 3949 Wakefieldus
1146 3899 1236 3952 uotu-

126 4000 198 4040 ram
212 3977 455 4062 interpretetur
473 3977 639 4040 rationem
658 3985 800 4042 naturae
821 3998 931 4042 rerum
954 4025 961 4041 .
984 3989 1076 4045 recte
1092 3981 1237 4051 Orellius

127 4075 209 4136 ratio
223 4085 276 4137 tou
291 4076 387 4159 coepi!
399 4074 563 4161 vociferari
574 4076 732 4139 Naturam
743 4099 863 4154 rerum,
874 4077 976 4140 divino
987 4090 1097 4156 mente,
1109 4084 1238 4148 scilicet

31 4208 38 4222 ι
126 4180 211 4244 tua,
228 4192 409 4236 cocere.
432 4170 517 4236 haec
533 4180 586 4235 est
599 4171 656 4236 illa
671 4170 736 4257 ispi
752 4172 1039 4260 coola’Enuolpor
1055 4227 1060 4250 ‚
1083 4177 1166 4244 haec
1179 4181 1237 4245 illa

126 4265 193 4351 ispi
217 4267 341 4343 ascanii
367 4270 384 4331 ri
409 4269 523 4353 πρώτη
549 4268 608 4332 niu
633 4272 745 4346 ceolas
766 4270 950 4355 ilsrpoica,
974 4274 1067 4339 cuius
1090 4298 1236 4341 summac

128 4364 221 4448 apud
244 4364 399 4430 familiam
421 4366 539 4431 laudes
562 4415 570 4431 .
594 4391 672 4434 mox
696 4381 788 4433 tolum
808 4371 892 4434 uideo
908 4393 968 4456 per
989 4375 1080 4437 inune
1098 4376 1168 4459 yeri
1187 4398 1236 4438 res

128 4462 225 4545 quasi
241 4481 284 4524 ex
298 4463 385 4528 libro
400 4464 508 4548 primo
523 4463 654 4530 Nonius
669 4466 802 4550 profert
816 4489 848 4552 p.
858 4467 927 4544 446,
937 4469 972 4534 5.
