2970 5268
6 481 8 566 p
636 469 684 538 m
796 563 798 567 Ι
1155 471 1223 540 107

6 627 7 632 ἵ
36 665 77 710 ser
97 647 170 733 ipse
183 666 314 732 quoque
329 665 404 710 esse
416 644 452 710 in
466 665 507 708 ec
521 651 593 708 tum
606 651 776 730 tempore,
787 644 840 708 cui
853 643 939 708 mele
952 647 1062 732 possit

98 757 308 826 acciderezid
323 759 481 845 quoniam
494 779 585 822 mors
602 758 732 835 eximit,
743 777 884 843 esseque
898 761 1022 846 probet

96 876 187 940 illum
199 875 249 940 cui
262 873 396 961 possint
408 870 621 939 incommoda
636 871 819 946 conciliari,

39 1009 78 1054 see
98 992 184 1055 scire
196 990 270 1055 licet
283 989 382 1055 nobis
396 989 443 1053 nil
459 1009 533 1054 esse
546 988 581 1052 in
594 995 703 1052 morte
717 985 913 1062 timendum,

97 1127 160 1169 nec
173 1105 323 1169 miserum
338 1103 410 1168 lieri
424 1104 481 1188 qui
495 1123 564 1167 non
580 1110 631 1167 est
644 1123 747 1188 posse
756 1149 764 1178 ‚
774 1121 885 1187 neque
898 1101 1001 1168 hilum
1102 1145 1105 1152 ·

98 1219 227 1284 differre
240 1227 319 1284 ante
333 1219 402 1284 ullo
415 1217 518 1282 fuerit
530 1217 596 1282 iam
610 1225 761 1304 tempore
774 1224 890 1296 natus,

6 1371 7 1380 κ
97 1334 266 1399 mortalem
282 1334 386 1398 vitam
400 1353 492 1398 mors
507 1353 582 1397 oum
595 1331 780 1398 inmortalis
795 1329 934 1396 ademit.

38 1467 77 1512 uo
138 1447 283 1514 Proinde
298 1448 356 1513 ubi
370 1468 408 1512 se
421 1445 539 1512 videus
553 1446 720 1512 hominem
732 1445 937 1532 indignarier
950 1446 1073 1534 ipsum,

6 1557 7 1638 l
96 1571 329 1649 postmortem
342 1561 416 1627 fore
429 1571 469 1629 ut
482 1574 541 1627 aut
554 1569 709 1648 putescat
723 1581 866 1650 corpore
880 1570 981 1648 posto

6 1727 8 1800 p
97 1688 155 1743 aut
167 1678 305 1744 dammis
319 1676 466 1742 interfiat
478 1677 616 1741 malisve
630 1675 794 1752 feremm,

6 1823 8 1920 p
97 1793 181 1858 scire
193 1793 272 1857 licet
285 1815 355 1858 nou
368 1793 533 1856 sincerum
547 1812 684 1867 sonere,
699 1800 800 1876 atque
814 1792 955 1856 subesse

6 1961 8 2034 ι
97 1928 231 1972 caecum
245 1907 389 1992 aliquem
404 1906 497 1972 cordi
512 1906 696 1982 stimulum,
708 1905 858 1991 quumvis
872 1913 973 1992 neget
985 1907 1058 1993 ipse

6 2051 7 2060 κ
38 2038 75 2084 ee
95 2020 233 2086 credere
246 2043 284 2085 se
300 2042 500 2108 quemquam
514 2021 577 2086 sibi
590 2043 724 2086 sensum
738 2020 773 2084 in
787 2027 895 2086 morte
908 2019 1071 2086 futurum:

95 2159 181 2212 non,
192 2144 231 2200 ut
244 2136 380 2222 opinor,
392 2136 478 2200 enim
492 2133 552 2200 det
566 2134 660 2222 quod
673 2135 837 2222 promittit
851 2133 1005 2210 stende,

95 2272 159 2316 nec
172 2249 332 2316 radicitus
346 2271 365 2315 e
378 2250 448 2314 vita
462 2271 500 2314 se
513 2250 600 2314 tollit
614 2257 649 2314 et
664 2250 756 2325 eicit,

97 2365 160 2431 sed
173 2365 254 2430 fecit
267 2385 341 2430 esse
355 2366 407 2429 sui
422 2363 582 2451 quiddam
596 2385 698 2450 super
711 2365 836 2430 inscius
849 2365 936 2450 ipse.

96 2483 195 2546 vivus
209 2480 294 2544 enim
308 2479 371 2544 sibi
385 2501 461 2544 cum
475 2479 636 2566 proponit
650 2480 792 2566 quisque
805 2481 969 2557 uturum,
1018 2481 1021 2488 ’

6 2641 7 2648 1
39 2613 76 2656 ec
96 2617 221 2682 corpus
234 2594 285 2659 uti
297 2594 452 2660 volucres
466 2594 614 2660 lacerent
626 2595 661 2658 in
675 2603 783 2660 morte
797 2593 970 2682 feraeque,

56 2785 65 2810 ·
96 2711 171 2795 ipse
186 2709 236 2774 sui
249 2709 400 2775 miseret:
411 2731 521 2796 neque
536 2709 673 2774 enimse
688 2708 809 2776 dividit
821 2710 901 2776 illim

6 2859 7 2870 ἢ
98 2845 163 2888 nec
176 2830 328 2889 removet
342 2823 439 2900 satis,
451 2845 472 2888 a
485 2826 637 2911 proiecto
653 2845 814 2911 corpore,
825 2833 860 2890 et
871 2826 963 2892 illum
1034 2881 1036 2886 .

98 2961 139 3003 se
151 2939 246 3024 fingit
259 2959 427 3024 sensuque
441 2961 502 3004 suo
517 2940 723 3006 contaminat
736 2948 865 3004 astans:

97 3053 179 3118 hinc
192 3051 384 3140 indignetur
397 3075 435 3118 se
448 3055 622 3119 mortalem
636 3075 711 3119 esse
726 3061 889 3128 creatum,

42 3186 78 3228 se
98 3190 162 3232 nec
176 3167 318 3233 videtin
331 3189 412 3234 vera
426 3146 552 3231 nullum
565 3167 639 3233 fore
653 3173 762 3233 morte
777 3168 875 3233 alium
889 3189 943 3243 se,

99 3283 160 3370 qui
173 3284 281 3369 possit
294 3283 391 3348 vivus
405 3281 468 3348 eibi
483 3303 520 3346 se
534 3282 647 3370 lugere
661 3295 885 3369 peremptum,

98 3407 263 3486 stansque
276 3399 439 3464 iacentem
454 3419 491 3462 se
505 3398 645 3464 lacerari
658 3399 754 3464 urive
768 3397 899 3463 dolere.

99 3535 178 3578 nam
192 3514 221 3578 si
234 3515 269 3578 in
282 3521 391 3579 morte
403 3513 558 3578 malumst
570 3515 663 3580 melis
677 3533 858 3600 morsuque
871 3511 1018 3578 ferarum

100 3629 242 3695 tractari
251 3677 259 3706 ‚
269 3650 339 3693 non
352 3629 486 3693 invenio
502 3629 559 3714 qui
572 3650 642 3694 non
655 3630 699 3696 sit
713 3629 870 3695 acerbum

44 3760 81 3806 uc
99 3744 233 3831 ignibus
246 3743 430 3830 inpositum
444 3742 559 3809 calidis
573 3752 763 3810 torrescere
776 3743 932 3820 flammis,

101 3869 159 3925 aut
173 3859 207 3924 in
222 3858 320 3924 melle
334 3858 434 3924 situm
449 3858 606 3924 suffocari
620 3865 721 3946 atque
734 3859 844 3948 rigere

104 4180 153 4226 863
173 4191 235 4227 mcx
254 4175 265 4245 ΙΙ
283 4175 410 4245 prohibu.
430 4175 440 4245 ll
459 4181 509 4228 888
527 4173 634 4228 ιιιιιιιιΙΙο
653 4174 731 4228 aurilo
751 4175 761 4246 ΙΙ
779 4180 825 4227 871
846 4183 925 4245 putes
944 4175 954 4246 ΙΙ
973 4180 1021 4228 873
1041 4193 1076 4227 uo
1095 4175 1104 4246 Η
1124 4181 1172 4228 877
1192 4191 1233 4228 ra·

104 4255 212 4310 dicitius
232 4257 242 4328 1!
261 4263 311 4310 880
329 4258 447 4311 iacerent
464 4256 474 4326 ll
494 4263 542 4311 886
561 4257 610 4311 Cui
629 4257 639 4326 11
658 4265 706 4312 887
726 4275 756 4312 ae
773 4265 907 4314 omissum.
927 4258 937 4328 ΙΙ
955 4257 1062 4314 doloro.
1081 4256 1092 4328 11
1111 4263 1160 4310 890
1178 4265 1234 4312 tor·

105 4357 258 4396 rercsecerc
