2970 5268
238 456 306 524 116
768 457 830 527 llll

233 631 282 694 sic
297 649 359 716 ego
375 649 480 706 nunc,
492 628 648 715 quoniam
663 629 747 695 haec
760 631 847 696 00110
862 631 1207 718 plerumquevidetur

234 745 362 808 tristior
378 766 451 808 ease
466 745 588 831 quibus
603 767 671 809 non
686 754 738 808 est
751 754 913 821 10001010,
924 753 1084 832 retroque

173 875 204 922 ²0
233 859 353 946 volgus
368 858 529 923 abhorret
543 859 585 923 ab
600 858 681 934 hac,
693 859 782 923 volui
797 860 856 924 tibi
872 861 1119 947 suaviloquenti

235 974 378 1038 carmine
393 973 502 1037 Pierio
517 973 678 1038 rationem
695 993 863 1060 exponere
878 967 1028 1040 nostram

235 1097 269 1152 et
283 1089 379 1173 quasi
393 1109 527 1154 musaeo
544 1087 632 1152 dulci
647 1087 840 1174 contingere
854 1089 965 1166 melle;

234 1203 262 1266 si
277 1203 336 1266 tibi
350 1201 438 1267 forte
453 1202 595 1266 animum
611 1201 667 1266 tali
683 1203 812 1267 0011000
828 1211 942 1267 100000

232 1317 385 1382 versibus
399 1317 432 1380 in
448 1317 572 1382 nostris
585 1338 737 1404 possem,
751 1316 830 1380 dum
844 1318 988 1404 percipis
1003 1339 1133 1384 omnem

172 1451 203 1496 25
234 1442 384 1539 naturam
398 1452 509 1496 rerum
523 1452 563 1494 ac
578 1432 741 1519 persentis
757 1431 931 1495 utilitatem
942 1433 967 1518 .]

274 1548 386 1632 Atque
402 1545 499 1608 animi
514 1546 669 1629 quoniam
685 1544 786 1610 docui
800 1553 921 1610 natura
935 1546 1016 1632 quid
1034 1559 1123 1612 esset

235 1669 270 1724 et
285 1661 405 1746 quibus
422 1680 439 1722 0
454 1661 554 1723 rebus
571 1679 643 1724 cum
656 1681 798 1746 corpore
813 1669 947 1746 compta
960 1663 1089 1748 vigeret

235 1796 345 1861 quove
359 1772 460 1838 modo
476 1772 638 1838 distracta
652 1773 778 1838 rediret
792 1775 826 1838 in
841 1773 937 1840 ordia
949 1775 1071 1861 prima,

234 1909 323 1953 nunc
337 1909 436 1975 agere
449 1888 603 1974 incipiam
618 1889 694 1963 tibi,
706 1888 800 1973 quod
813 1897 983 1953 vementer
998 1888 1042 1954 ad
1055 1890 1117 1954 has
1133 1912 1187 1956 res

173 2021 205 2067 ao
235 2004 372 2078 attinet,
385 2024 459 2067 esse
475 2023 515 2066 00
530 2023 616 2086 0000
631 2023 742 2084 rerum
757 2002 932 2066 simulacra
948 2025 1121 2082 vocamua3

235 2139 337 2205 quae,
349 2117 444 2203 quasi
459 2115 669 2180 membranae
684 2138 811 2180 summo
827 2115 869 2180 de
885 2139 1027 2204 corpore
1042 2139 1152 2183 rerum

235 2232 410 2319 dereptae,
422 2232 564 2295 volitant
576 2231 732 2316 ultroque
747 2232 900 2317 citroque
915 2253 975 2318 per
990 2253 1106 2308 auras,

233 2357 334 2432 atque
351 2345 467 2410 eadem
482 2346 580 2410 nobis
595 2345 807 2432 vigilantibus
822 2347 921 2411 obvia
935 2355 1064 2411 mentes

233 2461 417 2527 terrificant
431 2470 533 2545 atque
547 2461 580 2523 in
596 2460 736 2535 somnis,
749 2481 823 2524 cum
838 2481 938 2548 saepe
953 2459 1077 2545 figuras

172 2594 203 2639 00
236 2575 422 2641 contuimur
438 2574 535 2637 miras
550 2574 792 2659 simulacraque
807 2574 880 2638 1000
896 2584 1081 2655 carentum,

233 2710 320 2775 0000
334 2709 396 2751 000
411 2687 567 2750 horrifice
581 2685 768 2772 languentis
783 2709 883 2772 saepe
899 2709 1022 2774 sopore

233 2802 422 2874 excieruut;
433 2821 475 2863 nc
489 2799 577 2864 forte
592 2802 717 2866 animas
732 2801 925 2866 Acherunte
939 2824 1070 2867 reamur

234 2917 378 3003 effugere
392 2925 452 2980 aut
465 2917 599 2981 umbras
613 2917 701 2980 inter
715 2917 812 2981 vivos
826 2915 981 2993 volitare,

232 3054 317 3096 neve
333 3030 457 3116 aliquid
472 3032 580 3094 nostri
594 3041 827 3118 postmortem
843 3053 944 3116 posse
959 3032 1116 3118 relinqui,

170 3165 202 3210 40
233 3169 306 3212 cum
322 3168 444 3233 corpus
459 3145 555 3210 simul
569 3155 670 3231 01000
685 3147 782 3210 animi
797 3155 917 3211 natura
931 3155 1104 3234 perempta

230 3263 265 3326 in
279 3284 340 3326 000
355 3260 538 3325 discessum
554 3259 710 3324 dederint
723 3259 906 3347 primordia
921 3263 1084 3347 quoique.

272 3375 358 3440 Dico
373 3375 473 3458 igitur
487 3395 598 3438 rerum
614 3373 739 3459 effigias
755 3375 931 3459 tenuisque
945 3375 1069 3460 figuras

232 3489 355 3554 mittier
369 3489 411 3551 ab
427 3489 544 3566 rebus,
557 3508 684 3552 summo
700 3488 743 3552 de
760 3509 902 3574 corpore
916 3508 1043 3566 rerum,

172 3622 200 3666 00
234 3623 319 3690 0000
334 3602 430 3687 00001
445 3602 655 3666 membranae
671 3603 725 3666 vel
740 3611 857 3666 cortex
871 3603 1147 3680 nominitandast,

233 3715 324 3802 quod
339 3717 483 3802 speciem
498 3737 537 3780 ac
551 3715 692 3780 formam
706 3717 843 3780 similem
857 3717 943 3803 gerit
958 3718 1028 3784 0100
1043 3720 1168 3805 imago,

231 3831 325 3896 cuius
341 3852 482 3916 cumque
497 3831 587 3895 cluet
601 3829 644 3894 de
659 3852 802 3915 corpore
816 3832 892 3896 fusa
906 3833 1036 3918 vagari.
1066 3841 1070 3847 ’

170 3925 210 4008 10
231 3942 267 4008 id
281 3944 359 4008 licet
372 3942 452 4008 hinc
467 3945 617 4029 quamvis
631 3944 745 4008 hebeti
760 3965 965 4030 cognoscere
980 3946 1098 4012 corde.

169 4076 201 4121 01
230 4056 393 4143 principio
410 4058 566 4142 quoniam
580 4059 715 4124 mittunt
728 4059 762 4123 in
778 4061 879 4124 rebus
894 4062 1019 4146 apertis

231 4339 366 4410 11010010
386 4335 396 4404 Ι1
414 4344 444 4390 tl
465 4353 597 4406 quaeque.
616 4339 626 4407 11
646 4345 678 4390 12
698 4339 808 4410 effugias
828 4341 838 4406 11
858 4347 888 4393 la
908 4343 1007 4396 cortice
1026 4359 1129 4396 000000.
1156 4343 1166 4412 ll
1189 4349 1222 4394 40
1234 4351 1312 4396 -18
1331 4369 1367 4389 =

230 4425 406 4485 00,31-11.
425 4421 436 4488 ll
455 4425 672 4474 4911οε29311.
691 4421 701 4489 ll
721 4429 751 4474 51
773 4421 824 4484 Qui
843 4425 852 4490 ll
873 4429 904 4474 53
924 4425 993 4477 01001
1012 4427 1022 4494 ll
1041 4433 1072 4478 54
1092 4427 1232 4480 mittuntur
