2946 5188
284 475 328 542 30
839 471 854 538 l

282 647 461 734 principio,
472 668 580 711 rerum
598 667 697 730 quom
713 643 794 708 dicii
808 643 1095 720 homoeomerian,

210 779 259 824 aas
281 782 375 836 ossa,
386 760 588 835 videlicet,e
603 759 757 846 pauxillis
771 767 873 844 alque
888 760 1022 824 minutis

283 877 416 941 ossibus
430 875 485 938 hic
500 883 533 939 et
548 873 590 944 de
606 873 759 960 pauxillis
774 881 875 958 atque
890 874 1023 938 minutis

282 991 464 1054 visceribus
479 989 694 1075 viscus-gigni
708 1007 924 1072 sanguenque
940 989 1046 1052 creari

282 1106 451 1191 sanguinis
464 1104 550 1167 inter
565 1125 601 1168 sc
616 1103 726 1166 multis
742 1103 929 1167 coeuntibu’
940 1103 1045 1188 guttis

284 1241 325 1283 ex
340 1220 476 1303 aurique
490 1225 589 1304 putat
602 1217 694 1282 micis
709 1217 893 1280 consistere
906 1238 1008 1303 posse

211 1351 260 1398 em
282 1355 397 1398 aurum
413 1341 446 1397 et
460 1331 502 1396 de
517 1332 616 1398 terris
631 1339 753 1396 terram
770 1351 984 1396 concrescere
999 1333 1126 1417 parvis,

282 1448 415 1533 ignibus
430 1467 471 1510 ex
485 1447 569 1532 ignis
579 1494 586 1520 ,
598 1467 745 1510 umorem
760 1446 931 1511 umoribus
947 1467 1036 1522 esse,

285 1569 397 1626 cetera
411 1559 571 1624 consimili
584 1558 680 1645 lingit
692 1559 822 1623 ratione
836 1567 1015 1644 putatque.

283 1697 347 1738 nec
361 1683 472 1739 tamen
488 1695 562 1737 esse
575 1673 642 1736 ulla
655 1671 744 1737 idem
759 1695 801 1736 ex
814 1681 911 1759 parte
924 1674 958 1736 in
974 1674 1075 1737 rebus
1088 1675 1184 1739 inane

240 1863 248 1888 Ι
283 1788 437 1853 concedit
446 1838 454 1864 ,
464 1809 574 1873 neque
590 1787 786 1874 corporibus
800 1787 897 1851 finem
913 1808 987 1852 esse
1003 1787 1173 1853 secandis.
1279 1836 1282 1842 .

212 1921 260 1966 845
284 1925 387 1990 quare
401 1903 435 1964 in
450 1910 591 1987 utraque
605 1902 684 1966 mihi
698 1903 824 1988 pariter
838 1903 969 1966 ratione
983 1900 1117 1966 videtur

285 2040 396 2083 errare
411 2025 512 2102 alque
526 2016 589 2091 illi,
600 2037 701 2101 supra
717 2037 802 2101 quos
819 2013 961 2080 diximus
975 2025 1070 2082 aneo,

285 2131 374 2196 adde
389 2131 482 2217 quod
495 2130 648 2195 inbecilla
661 2131 758 2194 nimis
772 2128 954 2214 primordia
966 2130 1076 2216 fingit3

283 2247 312 2312 si
325 2245 505 2332 primordia
519 2253 613 2320 sunt,
625 2245 719 2308 simili
734 2265 819 2329 quae
834 2242 987 2331 praedita
1002 2253 1159 2309 constant

283 2369 402 2425 natura
417 2369 519 2444 atque
533 2361 626 2447 ipsae
641 2381 696 2423 res
710 2366 806 2432 suni,
818 2379 990 2444 aequeque
1004 2358 1160 2423 laborant

213 2491 261 2537 850
285 2484 319 2540 et
332 2485 490 2562 pereunt,
502 2494 612 2556 neque
627 2474 669 2535 ab
685 2473 787 2536 exitio
803 2494 858 2536 res
873 2473 941 2536 ulla
954 2473 1114 2536 refrenat.

284 2611 359 2653 nam
375 2587 456 2672 quid
470 2588 505 2650 in
519 2607 684 2671 oppressu
698 2583 812 2648 valido
828 2583 962 2650 durabit
977 2608 1105 2661 eorum,

283 2711 321 2767 ut
335 2707 473 2765 moriem
489 2698 639 2785 effugiat,
650 2699 706 2764 leti
721 2699 783 2763 sub
799 2698 956 2763 dentibus
970 2699 1075 2784 ipsis?

283 2816 368 2902 ignis
378 2863 385 2890 ,
397 2837 439 2879 an
453 2835 564 2888 umor,
576 2833 619 2876 an
634 2813 739 2877 aura?
751 2812 832 2899 quid
846 2812 991 2876 horum?
1002 2835 1169 2898 sanguen,
1180 2837 1237 2892 os,
1250 2813 1389 2880 aurum?

283 2931 346 3006 nil,
356 2937 396 2992 ut
410 2929 546 3016 opinor,
557 2929 614 2991 ubi
629 2949 671 2991 ex
686 2948 794 3013 aequo
810 2949 864 2991 res
879 2925 1030 2992 funditus
1045 2929 1151 2992 omnis

212 3063 261 3108 855
283 3055 350 3111 tam
365 3043 512 3109 mortalis
528 3043 591 3108 erit
605 3064 704 3129 quam
719 3063 805 3132 quae
820 3041 995 3106 manifesta
1008 3039 1160 3108 videmus

284 3183 325 3225 ex
341 3159 445 3225 oculis
459 3159 586 3222 nostris
600 3158 711 3241 aliqua
725 3157 759 3220 vi
772 3157 862 3221 victa
876 3156 1000 3243 perire.

283 3283 319 3338 at
333 3295 442 3358 neque
456 3271 626 3336 reccidere
641 3270 685 3335 ed
698 3272 799 3334 nilum
813 3291 869 3334 res
884 3291 985 3354 posse
999 3290 1108 3354 neque
1124 3279 1233 3335 autem

283 3408 436 3452 crescere
452 3385 495 3449 de
509 3385 577 3448 nilo
593 3391 700 3448 testor
714 3405 768 3448 res
784 3391 861 3446 ante
876 3385 1050 3468 probatas.

283 3509 459 3588 praeterea
474 3499 629 3586 quoniam
644 3497 738 3562 cibus
754 3505 854 3584 auget
869 3518 992 3582 corpus
1007 3498 1147 3584 alitque,

212 3634 260 3680 seo
283 3616 368 3680 scire
382 3615 460 3680 licet
474 3587 571 3679 nobis
585 3633 688 3676 venas
704 3621 738 3676 et
752 3633 900 3698 sanguen
916 3621 950 3674 el
964 3613 1043 3676 osse

172 3852 176 3858 ’
284 3845 354 3909 sive
369 3845 463 3908 cibos
478 3841 583 3907 omnis
598 3841 776 3906 commixto
791 3861 934 3926 corpore
950 3840 1063 3903 dicent

285 3980 360 4024 esse
375 3968 409 4023 ct
422 3959 546 4022 babere
560 3958 594 4021 in
609 3978 646 4020 se
660 3977 839 4019 nervorum
854 3976 998 4040 corpora
1012 3951 1117 4039 parva

286 4277 334 4324 834
347 4289 425 4342 quam
443 4275 452 4340 ΙΙ
472 4277 520 4324 835
535 4270 568 4324 de
587 4271 597 4339 ΙΙ
615 4275 663 4324 837
677 4284 856 4339 sanguemque
874 4267 884 4334 ll
904 4270 952 4316 843
966 4264 1027 4316 idon
1039 4273 1116 4335 parte
1134 4266 1144 4334 ll
1163 4271 1212 4317 846
1226 4268 1298 4320 suirc
1309 4257 1375 4333 quod
1394 4258 1401 4318 l.

286 4360 334 4406 847
353 4353 476 4407 inbecilia
494 4355 504 4422 ll
522 4359 570 4407 852
591 4351 688 4406 efficiat
706 4353 716 4420 ll
735 4355 783 4403 853
803 4349 910 4418 sangnis
922 4363 955 4398 an
969 4363 1014 4400 os.
1039 4349 1049 4416 ll
1068 4365 1159 4401 eurum
1178 4356 1310 4404 omissum.
1330 4345 1340 4412 ll
1358 4341 1401 4390 8⁶⁰

286 4439 397 4508 sanguin
416 4438 426 4507 ll
446 4444 493 4492 sul
513 4437 577 4491 Sine
595 4437 605 4505 11
624 4451 687 4488 core
704 4437 715 4503 11
734 4439 782 4486 882
802 4431 884 4484 Esset
901 4429 997 4482 hebere
