3034 5198
673 507 705 577 11
1199 507 1244 574 77

136 687 175 752 Et
188 687 242 750 tibi
257 686 420 750 Maeonius
434 687 513 748 iuter
527 683 668 748 heroldus
684 683 797 760 emole,
810 681 901 746 Nulli
916 681 1066 768 carescit
1083 681 1088 766 Ι
1109 691 1246 754 aulercos

131 807 281 873 quaerere
300 786 401 847 diuos.
417 781 580 847 Horatius
595 781 713 846 iisdem
731 779 986 858 condicionibus
1000 780 1094 843 nulla
1107 779 1172 844 ni‘si
1186 779 1220 843 in
1235 792 1247 842 t

132 885 277 948 litteram
299 883 481 954 exeuntia,
507 881 607 960 Quum
627 882 655 942 ei
676 879 826 966 φιὲᾰᾳυίά
846 889 917 942 aral
940 879 1087 962 l‘iupiper
1108 879 1246 963 Apulus,

133 981 279 1065 Percepit
298 979 497 1058 Acheronta,
520 977 557 1042 Si
568 978 643 1066 fipit
663 978 900 1055 udumumiuor,
919 975 1054 1040 Callidus
1074 987 1107 1040 ul
1126 979 1239 1060 eoleall

131 1081 267 1156 remeia,
286 1079 440 1142 Euelums
454 1079 508 1164 qui
522 1077 632 1154 dietat,
650 1077 714 1162 epil
732 1075 736 1160 Ι
756 1076 809 1138 ubi
822 1097 922 1138 secem
936 1087 985 1138 eal
999 1097 1041 1138 uu
1054 1097 1133 1138 uon.
1149 1095 1245 1140 acce·

134 1176 184 1242 dit
198 1175 291 1262 qnod
306 1174 361 1240 hic
375 1176 410 1240 in
426 1175 601 1261 epistulis,
617 1175 696 1238 item
717 1174 752 1236 in
772 1181 846 1237 arte
865 1173 998 1256 politica
1018 1179 1053 1236 et
1072 1174 1107 1236 in
1122 1180 1245 1258 quarto

133 1275 315 1370 carminun}
329 1274 435 1346 libro,
448 1293 578 1337 omnem
594 1272 682 1336 hanc
696 1271 864 1336 licentiam
879 1270 1006 1334 omisit.
1018 1269 1081 1335 sed
1092 1292 1135 1335 ne
1145 1273 1181 1334 in
1191 1291 1245 1336 ce·

132 1373 216 1438 teris
232 1371 367 1460 quidem
382 1372 468 1437 hacc
483 1370 567 1435 ferri
582 1378 726 1456 possunt
737 1417 745 1444 ,
758 1369 812 1434 Sic
825 1391 900 1433 rure
914 1368 1020 1432 sceau
1034 1380 1068 1432 ut
1080 1379 1153 1449 tow,
1169 1370 1245 1433 Cori·

119 1471 229 1559 ,fideus
239 1473 369 1534 tumidum
379 1471 472 1548 adeo,
491 1469 588 1534 Caeco
599 1471 682 1533 horel
691 1468 815 1536 aliunde
817 1467 911 1553 sala5
925 1465 960 1528 in
971 1486 1114 1550 quorum
1127 1465 1245 1532 ultimo

135 1567 348 1632 scribendum
371 1577 424 1632 est
444 1589 541 1654 neque
561 1569 644 1631 ultra
669 1567 766 1630 theca
788 1565 904 1629 amelec
932 1564 1057 1628 aliunde
1075 1563 1175 1652 fula.
1202 1563 1245 1629 de
1301 1571 1304 1576 “

135 1663 257 1730 Ovidio
273 1687 381 1752 nuper
395 1665 462 1730 hoc
484 1687 572 1730 anno
587 1687 695 1732 xevnr
715 1669 790 1729 cunr
813 1683 894 1728 cura
914 1663 1056 1746 exposui
1076 1664 1112 1726 in
1130 1663 1245 1728 libello

133 1763 325 1830 academico
340 1814 348 1844 ,
365 1784 433 1850 quo
449 1765 519 1829 eius
534 1785 602 1829 non
617 1765 731 1850 plures
747 1783 848 1848 quam
863 1768 941 1825 octo
956 1760 1119 1846 epistulas
1134 1761 1246 1826 heroi·

134 1861 213 1925 dum
228 1883 408 1947 superesse
423 1861 654 1927 demonstrare
668 1861 779 1926 volui.

217 1959 266 2024 28.
282 1959 367 2026 Nnc
384 1981 562 2024 urrunnu
578 1981 767 2024 nnnonur
789 1963 990 2034 rucei-:ern
1010 1979 1245 2035 nonar-nonu

134 2081 155 2120 r
163 2081 181 2120 n
189 2081 238 2121 nr
247 2081 266 2121 n
275 2079 297 2120 n
308 2106 314 2119 .
327 2057 522 2122 Macrobius
537 2059 572 2121 in
583 2058 718 2122 Saturn.
726 2057 801 2132 v1‚2
813 2057 971 2141 cyllarum
982 2101 989 2127 ,
1000 2054 1090 2120 idem
1103 2057 1138 2118 in
1160 2057 1245 2121 eius-

134 2155 212 2220 dem
231 2155 306 2220 libri
324 2155 435 2238 capite
451 2153 471 2218 4
488 2155 766 2240 cytharaeque
776 2153 943 2236 oblongus
955 2159 989 2215 et
1000 2151 1164 2228 schedae,
1175 2177 1246 2216 nn·

133 2275 284 2333 curura
300 2251 495 2316 Macrobius
505 2300 512 2314 .
523 2251 613 2316 idem
628 2252 736 2315 altero
751 2249 827 2313 loco
843 2261 960 2332 leupo,
975 2247 1083 2312 altero
1099 2271 1246 2315 ruorn.

132 2352 202 2414 hoc
224 2350 376 2434 plerique
399 2355 491 2412 recte
514 2350 724 2433 probarunt:
740 2367 818 2411 nam
839 2365 956 2410 verum
976 2366 1046 2409 non
1067 2354 1138 2423 est,
1154 2349 1247 2434 quod

133 2445 368 2512 Wakefieldus
380 2440 638 2532 dicit,‘tunplum
649 2467 742 2510 more
750 2443 953 2509 Lucretiauo
962 2443 1075 2509 valere
1086 2457 1201 2531 tepores
1209 2487 1243 2500 -

134 2565 320 2611 concavum
340 2544 510 2608 lacunar.’
521 2563 585 2628 pro
602 2555 791 2630 aurumque,
808 2541 899 2627 quod
915 2541 1112 2608 Macrobius
1127 2545 1247 2610 confir·

133 2653 218 2716 mat,
231 2640 419 2728 quadratus
435 2653 640 2728 uurouluque.
651 2639 730 2704 mihi
740 2661 823 2705 vero
838 2641 873 2703 in'
886 2639 988 2704 domo
1003 2663 1081 2706 arere
1091 2644 1247 2724 residere,

136 2741 243 2826 qualis
263 2761 364 2805 versu
386 2741 539 2826 proximo
561 2738 763 2811 dicebatur,
784 2747 896 2802 aurula
916 2749 991 2802 tecta
1011 2740 1095 2804 satie
1114 2739 1248 2807 inficeto

135 2839 386 2903 commemorari
407 2838 586 2902 videntur.
600 2837 717 2921 itaque
739 2841 872 2922 politam
894 2837 1070 2921 scripsisse
1092 2841 1247 2904 existimo

134 2939 277 3024 laquem
291 2947 547 3022 mmqlleucla
563 2984 569 2997 .
589 2934 715 2997 Ennius
735 2935 830 2996 Tectis
845 2935 968 2996 caelatae
982 2936 1131 3020 laqueatis
1138 2985 1147 3016 ,
1158 2939 1247 3002 Auro

134 3038 222 3102 ebore
235 3036 411 3098 incautelam
425 3035 563 3121 repifice.
1033 3079 1038 3090 .

219 3133 268 3198 33.
290 3151 582 3194 cousrrneuur
600 3176 607 3191 .
629 3126 733 3212 Apud
746 3125 958 3190 Macrobium
972 3126 1059 3190 libro
1073 3128 1147 3203 v1,2
1162 3135 1247 3195 emu-

126 3241 269 3320 purpuut
287 3278 293 3292 .
318 3249 393 3292 eum
407 3248 542 3292 versum
565 3226 657 3298 cuius
677 3225 806 3290 initium
826 3231 879 3288 est
893 3225 1022 3310 Ihopler
1036 3249 1136 3312 oquae
1148 3229 1248 3291 riuum

134 3335 272 3417 practer
286 3327 494 3391 Macrobium
510 3323 616 3390 refert
625 3323 782 3412 Donatus
792 3322 835 3388 ad
846 3321 1022 3407 Adelphos
1037 3346 1082 3399 rv,
1088 3323 1116 3400 2,
1123 3324 1164 3388 37
1178 3343 1260 3389 non'

134 3425 255 3492 addito
270 3425 346 3490 libri
360 3444 498 3488 nurnero
511 3447 518 3487 ε
533 3424 561 3487 is
577 3429 690 3487 autem
703 3424 823 3487 iterum
838 3421 986 3507 scriptus
1002 3427 1097 3514 extat
1109 3423 1144 3488 in
1160 3421 1247 3489 libro

134 3548 167 3601 v,
180 3525 279 3589 1393.
1109 3573 1113 3580 .

219 3623 268 3687 39.
285 3621 399 3701 Quen
411 3641 585 3684 surenas
595 3669 601 3682 .
611 3619 684 3683 Itali
695 3631 729 3683 et
740 3616 946 3682 Veronensis
955 3617 1059 3682 editio
1067 3643 1248 3706 uipereor,

142 3767 145 3772 -
218 3719 448 3786 thnurrn
473 3740 551 3782 cun
573 3739 724 3802 vrnnns
742 3765 749 3780 .
769 3715 963 3795 Quadratus
980 3715 1100 3780 dhaere
1121 3719 1246 3782 cumei·

136 3821 221 3883 deres
236 3868 243 3880 .
259 3817 315 3880 hic
337 3817 401 3881 nisi
424 3815 501 3878 olim
524 3825 668 3880 erratum
684 3812 821 3887 buissel,
835 3811 967 3876 Nonius
981 3811 1049 3876 hoc
1062 3834 1163 3879 versu
1179 3835 1249 3878 non

135 3917 244 3980 minus
266 3935 366 4000 quam
386 3915 444 3978 illo
468 3912 511 3976 de
534 3932 601 3997 quo
624 3918 703 3996 post
724 3911 764 3974 43
787 3909 918 3974 dicetur
940 3931 1021 3973 usus
1048 3919 1156 3976 esset:
1171 3933 1248 3977 nam

135 4022 230 4076 recte
246 4012 402 4099 quadrati
418 4019 611 4083 corrector,
627 4008 969 4092 Itali,impressique,
981 4006 1169 4074 anvnun
1188 4059 1195 4075 .
1213 4012 1249 4075 iu

136 4109 224 4174 libro
240 4133 286 4186 111,
295 4108 357 4175 200
372 4107 715 4195 oblongussrrumlur,
731 4103 918 4190 quadratus
924 4104 1108 4191 sumuntur.

180 4259 185 4266 .
219 4205 579 4272 42.43.Suus1n11s
607 4227 763 4269 uacuis
791 4227 954 4268 nereum
977 4207 1248 4270 cousrnniur'-

136 4325 212 4368 rus
234 4351 242 4381 ,
266 4303 465 4369 Orunrns
492 4327 615 4369 naurs
644 4307 844 4368 rrisruns
873 4323 1133 4381 runrrnnoun
1157 4325 1248 4366 nur·

135 4425 288 4467 nurus.
315 4401 490 4489 Oblongus
520 4409 759 4466 rrnsrn'runs
789 4400 922 4465 duabus
954 4400 1073 4466 litteris
1102 4402 1145 4464 ab
1172 4401 1247 4486 ipso

41 4556 47 4567 .
132 4501 244 4586 primo
271 4500 409 4566 librario
437 4500 636 4586 suppunctis
660 4523 667 4562 :
698 4497 844 4563 schedae
868 4520 1055 4564 rrnsruus
1078 4547 1086 4562 .
1118 4497 1249 4562 Veneta
