<?xml version="1.0" encoding="UTF-8"?>
<!DOCTYPE html PUBLIC "-//W3C//DTD XHTML 1.0 Transitional//EN"
    "http://www.w3.org/TR/xhtml1/DTD/xhtml1-transitional.dtd">
<html xmlns="http://www.w3.org/1999/xhtml" xml:lang="en" lang="en">
 <head>
  <title>
</title>
<meta http-equiv="Content-Type" content="text/html;charset=utf-8" />
  <meta name='ocr-system' content='tesseract 3.04.00' />
  <meta name='ocr-capabilities' content='ocr_page ocr_carea ocr_par ocr_line ocrx_word'/>
</head>
<body>
  <div class='ocr_page' id='page_1' title='image "./intlucretiicari00lachgoog_0332.png"; bbox 0 0 3034 5198; ppageno 0'>
   <div class='ocr_carea' id='block_1_1' title="bbox 682 491 1249 560">
    <p class='ocr_par' dir='ltr' id='par_1_1' title="bbox 682 491 1249 560">
     <span class='ocr_line' id='line_1_1' title="bbox 682 491 1249 560; baseline 0 0"><span class='ocrx_word' id='word_1_1' title='bbox 682 491 712 560; x_wconf 94' lang='lat' dir='ltr'>Il</span> <span class='ocrx_word' id='word_1_2' title='bbox 1205 495 1249 560; x_wconf 88' lang='grc'>75</span> 
     </span>
    </p>
   </div>
   <div class='ocr_carea' id='block_1_2' title="bbox 133 661 1252 2222">
    <p class='ocr_par' dir='ltr' id='par_1_2' title="bbox 134 661 1252 1834">
     <span class='ocr_line' id='line_1_2' title="bbox 134 661 1252 754; baseline 0.004 -25"><span class='ocrx_word' id='word_1_3' title='bbox 134 665 223 730; x_wconf 84' lang='lat' dir='ltr'>male</span> <span class='ocrx_word' id='word_1_4' title='bbox 233 661 400 730; x_wconf 77' lang='lat' dir='ltr'><strong>Marullus</strong></span> <span class='ocrx_word' id='word_1_5' title='bbox 413 667 473 728; x_wconf 80' lang='lat' dir='ltr'>uiri</span> <span class='ocrx_word' id='word_1_6' title='bbox 487 677 578 754; x_wconf 59' lang='lat' dir='ltr'>uque</span> <span class='ocrx_word' id='word_1_7' title='bbox 592 667 679 730; x_wconf 85' lang='lat' dir='ltr'>dolor</span> <span class='ocrx_word' id='word_1_8' title='bbox 694 664 1075 752; x_wconf 73' lang='lat' dir='ltr'>absitmeruqoesruatur.</span> <span class='ocrx_word' id='word_1_9' title='bbox 1088 666 1252 732; x_wconf 71' lang='lat' dir='ltr'>Aventius</span> 
     </span>
     <span class='ocr_line' id='line_1_3' title="bbox 135 762 1251 849; baseline 0.003 -22"><span class='ocrx_word' id='word_1_10' title='bbox 135 763 323 828; x_wconf 70' lang='lat' dir='ltr'><strong>rectissime</strong></span> <span class='ocrx_word' id='word_1_11' title='bbox 334 775 369 827; x_wconf 74' lang='lat' dir='ltr'>ae</span> <span class='ocrx_word' id='word_1_12' title='bbox 379 785 396 828; x_wconf 90' lang='lat' dir='ltr'><strong>e</strong></span> <span class='ocrx_word' id='word_1_13' title='bbox 405 785 444 827; x_wconf 88' lang='lat' dir='ltr'>ur</span> <span class='ocrx_word' id='word_1_14' title='bbox 456 764 543 828; x_wconf 84' lang='lat' dir='ltr'>dolor</span> <span class='ocrx_word' id='word_1_15' title='bbox 558 765 652 845; x_wconf 76' lang='lat' dir='ltr'>absit,-</span> <span class='ocrx_word' id='word_1_16' title='bbox 663 764 728 828; x_wconf 87' lang='lat' dir='ltr'>nisi</span> <span class='ocrx_word' id='word_1_17' title='bbox 743 762 836 848; x_wconf 85' lang='lat' dir='ltr'>quod</span> <span class='ocrx_word' id='word_1_18' title='bbox 850 773 980 828; x_wconf 78' lang='lat' dir='ltr'>naturae</span> <span class='ocrx_word' id='word_1_19' title='bbox 994 763 1108 849; x_wconf 82' lang='lat' dir='ltr'>inepte</span> <span class='ocrx_word' id='word_1_20' title='bbox 1123 764 1251 830; x_wconf 84' lang='lat' dir='ltr'>adseri·</span> 
     </span>
     <span class='ocr_line' id='line_1_4' title="bbox 136 861 1252 948; baseline 0 -20"><span class='ocrx_word' id='word_1_21' title='bbox 136 862 229 928; x_wconf 85' lang='lat' dir='ltr'>bitur</span> <span class='ocrx_word' id='word_1_22' title='bbox 249 861 344 948; x_wconf 93' lang='lat' dir='ltr'>quod</span> <span class='ocrx_word' id='word_1_23' title='bbox 364 872 418 928; x_wconf 77' lang='lat' dir='ltr'>est</span> <span class='ocrx_word' id='word_1_24' title='bbox 437 861 600 937; x_wconf 91' lang='lat' dir='ltr'>hominis,</span> <span class='ocrx_word' id='word_1_25' title='bbox 615 869 653 927; x_wconf 80' lang='lat' dir='ltr'>ut</span> <span class='ocrx_word' id='word_1_26' title='bbox 673 863 702 927; x_wconf 89' lang='lat' dir='ltr'>ei</span> <span class='ocrx_word' id='word_1_27' title='bbox 723 883 849 948; x_wconf 82' lang='lat' dir='ltr'>empore</span> <span class='ocrx_word' id='word_1_28' title='bbox 861 863 1012 926; x_wconf 61' lang='lat' dir='ltr'>sarincae</span> <span class='ocrx_word' id='word_1_29' title='bbox 1026 861 1113 926; x_wconf 65' lang='lat' dir='ltr'>dolo</span> <span class='ocrx_word' id='word_1_30' title='bbox 1126 863 1204 928; x_wconf 78' lang='lat' dir='ltr'>absit</span> <span class='ocrx_word' id='word_1_31' title='bbox 1217 873 1252 928; x_wconf 84' lang='lat' dir='ltr'>et</span> 
     </span>
     <span class='ocr_line' id='line_1_5' title="bbox 135 959 1250 1048; baseline 0.002 -24"><span class='ocrx_word' id='word_1_32' title='bbox 135 961 313 1048; x_wconf 76' lang='lat' dir='ltr'>utfmatur</span> <span class='ocrx_word' id='word_1_33' title='bbox 326 962 460 1028; x_wconf 74' lang='lat' dir='ltr'>iucurrdo</span> <span class='ocrx_word' id='word_1_34' title='bbox 473 986 577 1026; x_wconf 73' lang='lat' dir='ltr'>seusu.</span> <span class='ocrx_word' id='word_1_35' title='bbox 588 963 704 1048; x_wconf 80' lang='lat' dir='ltr'>itaque</span> <span class='ocrx_word' id='word_1_36' title='bbox 718 959 932 1047; x_wconf 87' lang='lat' dir='ltr'>probandum</span> <span class='ocrx_word' id='word_1_37' title='bbox 948 968 999 1026; x_wconf 81' lang='lat' dir='ltr'>est</span> <span class='ocrx_word' id='word_1_38' title='bbox 1011 960 1104 1046; x_wconf 91' lang='lat' dir='ltr'>quod</span> <span class='ocrx_word' id='word_1_39' title='bbox 1116 983 1136 1025; x_wconf 88' lang='lat' dir='ltr'>a</span> <span class='ocrx_word' id='word_1_40' title='bbox 1146 961 1250 1026; x_wconf 81' lang='lat' dir='ltr'><strong>Bent-</strong></span> 
     </span>
     <span class='ocr_line' id='line_1_6' title="bbox 136 1057 1251 1141; baseline 0.002 -17"><span class='ocrx_word' id='word_1_41' title='bbox 136 1060 330 1127; x_wconf 79' lang='lat' dir='ltr'>leioseoum</span> <span class='ocrx_word' id='word_1_42' title='bbox 346 1057 626 1126; x_wconf 78' lang='lat' dir='ltr'>communicatum</span> <span class='ocrx_word' id='word_1_43' title='bbox 642 1060 825 1126; x_wconf 88' lang='lat' dir='ltr'>Creeohius</span> <span class='ocrx_word' id='word_1_44' title='bbox 844 1109 853 1141; x_wconf 91' lang='lat'><strong><em>,</em></strong></span> <span class='ocrx_word' id='word_1_45' title='bbox 876 1059 1010 1124; x_wconf 86' lang='lat' dir='ltr'>nomine</span> <span class='ocrx_word' id='word_1_46' title='bbox 1024 1060 1095 1124; x_wconf 87' lang='lat' dir='ltr'>eius</span> <span class='ocrx_word' id='word_1_47' title='bbox 1109 1066 1148 1124; x_wconf 81' lang='lat' dir='ltr'>ul</span> <span class='ocrx_word' id='word_1_48' title='bbox 1163 1060 1251 1126; x_wconf 80' lang='lat' dir='ltr'>solet</span> 
     </span>
     <span class='ocr_line' id='line_1_7' title="bbox 137 1153 1252 1246; baseline 0 -22"><span class='ocrx_word' id='word_1_49' title='bbox 137 1180 321 1245; x_wconf 80' lang='lat' dir='ltr'>suppresso</span> <span class='ocrx_word' id='word_1_50' title='bbox 331 1153 617 1234; x_wconf 79' lang='lat' dir='ltr'>‚‘forsanreetius&#39;</span> <span class='ocrx_word' id='word_1_51' title='bbox 632 1180 708 1224; x_wconf 90' lang='lat' dir='ltr'>esse</span> <span class='ocrx_word' id='word_1_52' title='bbox 723 1158 821 1233; x_wconf 78' lang='lat' dir='ltr'>dicit,</span> <span class='ocrx_word' id='word_1_53' title='bbox 834 1181 910 1222; x_wconf 84' lang='lat' dir='ltr'>eura</span> <span class='ocrx_word' id='word_1_54' title='bbox 922 1157 1252 1246; x_wconf 76' lang='lat' dir='ltr'>serroru&#39;meluqoe:</span> 
     </span>
     <span class='ocr_line' id='line_1_8' title="bbox 137 1254 1251 1343; baseline 0.001 -22"><span class='ocrx_word' id='word_1_55' title='bbox 137 1257 252 1343; x_wconf 81' lang='lat' dir='ltr'>itaque</span> <span class='ocrx_word' id='word_1_56' title='bbox 268 1263 348 1322; x_wconf 79' lang='lat' dir='ltr'><strong>ente</strong></span> <span class='ocrx_word' id='word_1_57' title='bbox 362 1278 423 1322; x_wconf 92' lang='lat' dir='ltr'>eos</span> <span class='ocrx_word' id='word_1_58' title='bbox 434 1255 608 1322; x_wconf 87' lang='lat' dir='ltr'>Gifanius.</span> <span class='ocrx_word' id='word_1_59' title='bbox 633 1257 694 1321; x_wconf 89' lang='lat' dir='ltr'>sed</span> <span class='ocrx_word' id='word_1_60' title='bbox 710 1257 790 1322; x_wconf 92' lang='lat' dir='ltr'>mihi</span> <span class='ocrx_word' id='word_1_61' title='bbox 804 1256 931 1321; x_wconf 87' lang='lat' dir='ltr'>librarii</span> <span class='ocrx_word' id='word_1_62' title='bbox 945 1255 980 1320; x_wconf 91' lang='lat' dir='ltr'>in</span> <span class='ocrx_word' id='word_1_63' title='bbox 991 1254 1100 1320; x_wconf 85' lang='lat' dir='ltr'>medio</span> <span class='ocrx_word' id='word_1_64' title='bbox 1113 1276 1251 1341; x_wconf 91' lang='lat' dir='ltr'>quoque</span> 
     </span>
     <span class='ocr_line' id='line_1_9' title="bbox 136 1354 1249 1440; baseline -0.001 -21"><span class='ocrx_word' id='word_1_65' title='bbox 136 1355 258 1420; x_wconf 84' lang='lat' dir='ltr'>horum</span> <span class='ocrx_word' id='word_1_66' title='bbox 271 1376 429 1420; x_wconf 85' lang='lat' dir='ltr'>versuum</span> <span class='ocrx_word' id='word_1_67' title='bbox 443 1355 603 1421; x_wconf 83' lang='lat' dir='ltr'>videntur</span> <span class='ocrx_word' id='word_1_68' title='bbox 616 1357 651 1420; x_wconf 91' lang='lat' dir='ltr'>in</span> <span class='ocrx_word' id='word_1_69' title='bbox 665 1380 681 1420; x_wconf 82' lang='grc' dir='ltr'><strong>ι</strong></span> <span class='ocrx_word' id='word_1_70' title='bbox 694 1356 808 1422; x_wconf 75' lang='lat' dir='ltr'>littere</span> <span class='ocrx_word' id='word_1_71' title='bbox 823 1354 907 1419; x_wconf 87' lang='lat' dir='ltr'>elisa</span> <span class='ocrx_word' id='word_1_72' title='bbox 920 1375 1100 1440; x_wconf 74' lang='lat' dir='ltr'><strong>peccasse,</strong></span> <span class='ocrx_word' id='word_1_73' title='bbox 1115 1361 1154 1418; x_wconf 79' lang='lat' dir='ltr'>ut</span> <span class='ocrx_word' id='word_1_74' title='bbox 1168 1355 1249 1418; x_wconf 78' lang='lat' dir='ltr'>seri-</span> 
     </span>
     <span class='ocr_line' id='line_1_10' title="bbox 135 1451 1249 1541; baseline -0.002 -23"><span class='ocrx_word' id='word_1_75' title='bbox 135 1452 286 1518; x_wconf 79' lang='lat' dir='ltr'>bendum</span> <span class='ocrx_word' id='word_1_76' title='bbox 298 1453 344 1518; x_wconf 83' lang='lat' dir='ltr'>sit</span> <span class='ocrx_word' id='word_1_77' title='bbox 357 1453 491 1518; x_wconf 81' lang='lat' dir='ltr'>usurr’</span> <span class='ocrx_word' id='word_1_78' title='bbox 498 1453 632 1541; x_wconf 66' lang='lat' dir='ltr'>fruatur</span> <span class='ocrx_word' id='word_1_79' title='bbox 646 1453 785 1519; x_wconf 71' lang='lat' dir='ltr'>Iueriado</span> <span class='ocrx_word' id='word_1_80' title='bbox 798 1477 903 1528; x_wconf 73' lang='lat' dir='ltr'>emm,</span> <span class='ocrx_word' id='word_1_81' title='bbox 914 1474 1000 1526; x_wconf 89' lang='lat' dir='ltr'>non,</span> <span class='ocrx_word' id='word_1_82' title='bbox 1014 1451 1108 1537; x_wconf 91' lang='lat' dir='ltr'>quod</span> <span class='ocrx_word' id='word_1_83' title='bbox 1124 1459 1177 1517; x_wconf 80' lang='lat' dir='ltr'>est</span> <span class='ocrx_word' id='word_1_84' title='bbox 1190 1453 1249 1516; x_wconf 92' lang='lat' dir='ltr'>mi·</span> 
     </span>
     <span class='ocr_line' id='line_1_11' title="bbox 137 1549 1250 1638; baseline 0 -24"><span class='ocrx_word' id='word_1_85' title='bbox 137 1550 227 1628; x_wconf 86' lang='lat' dir='ltr'>nime</span> <span class='ocrx_word' id='word_1_86' title='bbox 248 1550 408 1638; x_wconf 82' lang='lat' dir='ltr'><strong>elegans,</strong></span> <span class='ocrx_word' id='word_1_87' title='bbox 429 1563 525 1616; x_wconf 71' lang='lat' dir='ltr'>merae</span> <span class='ocrx_word' id='word_1_88' title='bbox 537 1552 670 1638; x_wconf 78' lang='lat' dir='ltr'>fruatur</span> <span class='ocrx_word' id='word_1_89' title='bbox 689 1574 804 1616; x_wconf 70' lang='lat' dir='ltr'>serem.</span> <span class='ocrx_word' id='word_1_90' title='bbox 827 1549 917 1637; x_wconf 79' lang='lat' dir='ltr'>iufra</span> <span class='ocrx_word' id='word_1_91' title='bbox 935 1550 970 1614; x_wconf 91' lang='lat' dir='ltr'>iu</span> <span class='ocrx_word' id='word_1_92' title='bbox 990 1550 1058 1614; x_wconf 91' lang='lat' dir='ltr'>hoe</span> <span class='ocrx_word' id='word_1_93' title='bbox 1078 1550 1166 1614; x_wconf 88' lang='lat' dir='ltr'>libro</span> <span class='ocrx_word' id='word_1_94' title='bbox 1188 1550 1250 1615; x_wconf 85' lang='grc'>399</span> 
     </span>
     <span class='ocr_line' id='line_1_12' title="bbox 135 1649 1249 1737; baseline -0.001 -24"><span class='ocrx_word' id='word_1_95' title='bbox 135 1651 234 1714; x_wconf 70' lang='lat' dir='ltr'>melles</span> <span class='ocrx_word' id='word_1_96' title='bbox 248 1651 392 1737; x_wconf 67' lang='lat' dir='ltr'>lamisqm</span> <span class='ocrx_word' id='word_1_97' title='bbox 405 1651 537 1737; x_wconf 78' lang='lat' dir='ltr'>liquores</span> <span class='ocrx_word' id='word_1_98' title='bbox 552 1649 690 1714; x_wconf 81' lang='lat' dir='ltr'>Iueuado</span> <span class='ocrx_word' id='word_1_99' title='bbox 704 1673 793 1714; x_wconf 81' lang='lat' dir='ltr'>seusu</span> <span class='ocrx_word' id='word_1_100' title='bbox 813 1650 936 1734; x_wconf 59' lang='lat' dir='ltr'>ibiquae</span> <span class='ocrx_word' id='word_1_101' title='bbox 955 1659 1119 1713; x_wconf 63' lang='lat' dir='ltr'>aemulor</span> <span class='ocrx_word' id='word_1_102' title='bbox 1131 1651 1165 1712; x_wconf 83' lang='lat' dir='ltr'>in</span> <span class='ocrx_word' id='word_1_103' title='bbox 1180 1671 1232 1713; x_wconf 82' lang='lat' dir='ltr'>ore</span> <span class='ocrx_word' id='word_1_104' title='bbox 1240 1698 1249 1728; x_wconf 91' lang='lat'>,</span> 
     </span>
     <span class='ocr_line' id='line_1_13' title="bbox 136 1749 361 1834; baseline 0 -24"><span class='ocrx_word' id='word_1_105' title='bbox 136 1767 205 1811; x_wconf 88' lang='lat' dir='ltr'>nou</span> <span class='ocrx_word' id='word_1_106' title='bbox 219 1749 341 1834; x_wconf 74' lang='lat' dir='ltr'>linqua.</span> <span class='ocrx_word' id='word_1_107' title='bbox 356 1769 361 1780; x_wconf 91' lang='lat'>·</span> 
     </span>
    </p>

    <p class='ocr_par' dir='ltr' id='par_1_3' title="bbox 133 1843 1250 2222">
     <span class='ocr_line' id='line_1_14' title="bbox 218 1843 1249 1912; baseline 0.002 -4"><span class='ocrx_word' id='word_1_108' title='bbox 218 1843 267 1909; x_wconf 83' lang='lat'>25.</span> <span class='ocrx_word' id='word_1_109' title='bbox 282 1845 509 1911; x_wconf 74' lang='lat' dir='ltr'>Lsursoas</span> <span class='ocrx_word' id='word_1_110' title='bbox 529 1868 774 1912; x_wconf 76' lang='lat' dir='ltr'>rourrsaas.</span> <span class='ocrx_word' id='word_1_111' title='bbox 797 1845 854 1911; x_wconf 88' lang='lat' dir='ltr'>Sie</span> <span class='ocrx_word' id='word_1_112' title='bbox 869 1844 1036 1909; x_wconf 81' lang='lat' dir='ltr'>Maximus</span> <span class='ocrx_word' id='word_1_113' title='bbox 1050 1845 1249 1912; x_wconf 81' lang='lat' dir='ltr'>Victorinus</span> 
     </span>
     <span class='ocr_line' id='line_1_15' title="bbox 134 1940 1250 2029; baseline 0.002 -23"><span class='ocrx_word' id='word_1_114' title='bbox 134 1963 166 2026; x_wconf 93' lang='lat' dir='ltr'>p.</span> <span class='ocrx_word' id='word_1_115' title='bbox 179 1943 257 2008; x_wconf 87' lang='grc'><strong>1967</strong></span> <span class='ocrx_word' id='word_1_116' title='bbox 274 1991 281 2007; x_wconf 94' lang='grc'><strong>.</strong></span> <span class='ocrx_word' id='word_1_117' title='bbox 296 1942 390 2027; x_wconf 84' lang='lat' dir='ltr'>apud</span> <span class='ocrx_word' id='word_1_118' title='bbox 403 1944 613 2010; x_wconf 78' lang='lat' dir='ltr'>Macrobium</span> <span class='ocrx_word' id='word_1_119' title='bbox 629 1943 766 2009; x_wconf 82' lang='lat' dir='ltr'>Saturn.</span> <span class='ocrx_word' id='word_1_120' title='bbox 787 1943 873 2008; x_wconf 90' lang='lat' dir='ltr'>libro</span> <span class='ocrx_word' id='word_1_121' title='bbox 896 1940 972 2016; x_wconf 85' lang='lat' dir='ltr'><strong>v1‚2</strong></span> <span class='ocrx_word' id='word_1_122' title='bbox 995 1942 1073 2008; x_wconf 88' lang='lat' dir='ltr'>olim</span> <span class='ocrx_word' id='word_1_123' title='bbox 1094 1944 1250 2029; x_wconf 83' lang='lat' dir='ltr'>impressi</span> 
     </span>
     <span class='ocr_line' id='line_1_16' title="bbox 135 2039 1249 2126; baseline 0 -20"><span class='ocrx_word' id='word_1_124' title='bbox 135 2039 298 2122; x_wconf 82' lang='lat' dir='ltr'>(editione</span> <span class='ocrx_word' id='word_1_125' title='bbox 314 2041 481 2106; x_wconf 88' lang='lat' dir='ltr'>Brixiensi</span> <span class='ocrx_word' id='word_1_126' title='bbox 496 2041 574 2105; x_wconf 87' lang='lat' dir='ltr'>anni</span> <span class='ocrx_word' id='word_1_127' title='bbox 588 2063 810 2106; x_wconf 78' lang='lat' dir='ltr'>ucoocsxxxv</span> <span class='ocrx_word' id='word_1_128' title='bbox 825 2048 921 2115; x_wconf 82' lang='lat' dir='ltr'>utor,</span> <span class='ocrx_word' id='word_1_129' title='bbox 932 2061 1042 2124; x_wconf 86' lang='lat' dir='ltr'>neque</span> <span class='ocrx_word' id='word_1_130' title='bbox 1057 2043 1249 2126; x_wconf 80' lang='lat' dir='ltr'>usquamin</span> 
     </span>
     <span class='ocr_line' id='line_1_17' title="bbox 133 2137 1248 2222; baseline -0.001 -18"><span class='ocrx_word' id='word_1_131' title='bbox 133 2137 347 2204; x_wconf 85' lang='lat' dir='ltr'>Lueretianis</span> <span class='ocrx_word' id='word_1_132' title='bbox 368 2159 450 2202; x_wconf 88' lang='lat' dir='ltr'>euro</span> <span class='ocrx_word' id='word_1_133' title='bbox 472 2159 579 2202; x_wconf 82' lang='lat' dir='ltr'>novas</span> <span class='ocrx_word' id='word_1_134' title='bbox 600 2145 727 2202; x_wconf 80' lang='lat' dir='ltr'>temere</span> <span class='ocrx_word' id='word_1_135' title='bbox 747 2138 989 2222; x_wconf 79' lang='lat' dir='ltr'>interpolatas)</span> <span class='ocrx_word' id='word_1_136' title='bbox 1005 2137 1187 2222; x_wconf 81' lang='lat' dir='ltr'>Lampados</span> <span class='ocrx_word' id='word_1_137' title='bbox 1200 2141 1248 2203; x_wconf 81' lang='lat' dir='ltr'>io-</span> 
     </span>
    </p>
   </div>
   <div class='ocr_carea' id='block_1_3' title="bbox 125 2237 1248 2406">
    <p class='ocr_par' dir='ltr' id='par_1_4' title="bbox 125 2237 1248 2406">
     <span class='ocr_line' id='line_1_18' title="bbox 149 2261 234 2302; baseline -0.035 1"><span class='ocrx_word' id='word_1_138' title='bbox 149 2261 234 2302; x_wconf 72' lang='lat' dir='ltr'>eros.</span> 
     </span>
     <span class='ocr_line' id='line_1_19' title="bbox 125 2237 1248 2406; baseline -0.003 -8"><span class='ocrx_word' id='word_1_139' title='bbox 125 2237 153 2324; x_wconf 70' lang='lat' dir='ltr'><em>f</em></span> <span class='ocrx_word' id='word_1_140' title='bbox 217 2333 369 2398; x_wconf 79' lang='lat' dir='ltr'>27.Nso</span> <span class='ocrx_word' id='word_1_141' title='bbox 390 2354 524 2397; x_wconf 83' lang='lat' dir='ltr'>nouus</span> <span class='ocrx_word' id='word_1_142' title='bbox 544 2352 733 2396; x_wconf 71' lang='lat' dir='ltr'>suasuro</span> <span class='ocrx_word' id='word_1_143' title='bbox 752 2352 911 2394; x_wconf 74' lang='lat' dir='ltr'>ausser</span> <span class='ocrx_word' id='word_1_144' title='bbox 926 2351 1115 2406; x_wconf 74' lang='lat' dir='ltr'>Auuoous</span> <span class='ocrx_word' id='word_1_145' title='bbox 1130 2353 1248 2396; x_wconf 78' lang='lat' dir='ltr'>usur·</span> 
     </span>
    </p>
   </div>
   <div class='ocr_carea' id='block_1_4' title="bbox 130 2426 1253 4572">
    <p class='ocr_par' dir='ltr' id='par_1_5' title="bbox 130 2426 1253 4572">
     <span class='ocr_line' id='line_1_20' title="bbox 135 2426 1249 2517; baseline -0.002 -22"><span class='ocrx_word' id='word_1_146' title='bbox 135 2455 157 2495; x_wconf 89' lang='lat' dir='ltr'>o</span> <span class='ocrx_word' id='word_1_147' title='bbox 167 2453 216 2494; x_wconf 74' lang='lat' dir='ltr'>su</span> <span class='ocrx_word' id='word_1_148' title='bbox 233 2478 241 2495; x_wconf 87' lang='lat'><strong>.</strong></span> <span class='ocrx_word' id='word_1_149' title='bbox 264 2428 366 2516; x_wconf 87' lang='lat' dir='ltr'><strong>Apud</strong></span> <span class='ocrx_word' id='word_1_150' title='bbox 381 2429 592 2494; x_wconf 83' lang='lat' dir='ltr'>lilaorobium</span> <span class='ocrx_word' id='word_1_151' title='bbox 599 2430 725 2517; x_wconf 65' lang='lat' dir='ltr'>sidyma</span> <span class='ocrx_word' id='word_1_152' title='bbox 740 2435 775 2492; x_wconf 77' lang='lat' dir='ltr'>ei</span> <span class='ocrx_word' id='word_1_153' title='bbox 790 2428 931 2492; x_wconf 67' lang='lat' dir='ltr'>resideas</span> <span class='ocrx_word' id='word_1_154' title='bbox 947 2451 955 2502; x_wconf 84' lang='lat'>3</span> <span class='ocrx_word' id='word_1_155' title='bbox 976 2426 1069 2512; x_wconf 91' lang='lat' dir='ltr'>quod</span> <span class='ocrx_word' id='word_1_156' title='bbox 1082 2428 1249 2494; x_wconf 82' lang='lat' dir='ltr'>Marullus</span> 
     </span>
     <span class='ocr_line' id='line_1_21' title="bbox 133 2525 1248 2613; baseline -0.002 -19"><span class='ocrx_word' id='word_1_157' title='bbox 133 2529 219 2594; x_wconf 84' lang='lat' dir='ltr'>mele</span> <span class='ocrx_word' id='word_1_158' title='bbox 232 2529 378 2613; x_wconf 77' lang='lat' dir='ltr'>recepit,</span> <span class='ocrx_word' id='word_1_159' title='bbox 391 2527 471 2612; x_wconf 85' lang='lat' dir='ltr'>quie</span> <span class='ocrx_word' id='word_1_160' title='bbox 484 2526 584 2590; x_wconf 91' lang='lat' dir='ltr'>huius</span> <span class='ocrx_word' id='word_1_161' title='bbox 598 2531 721 2611; x_wconf 69' lang='lat' dir='ltr'>poeitae</span> <span class='ocrx_word' id='word_1_162' title='bbox 733 2525 920 2612; x_wconf 85' lang='lat' dir='ltr'>elegantiae</span> <span class='ocrx_word' id='word_1_163' title='bbox 932 2546 1050 2609; x_wconf 84' lang='lat' dir='ltr'>parum</span> <span class='ocrx_word' id='word_1_164' title='bbox 1061 2547 1248 2592; x_wconf 86' lang='lat' dir='ltr'>aeuommo-</span> 
     </span>
     <span class='ocr_line' id='line_1_22' title="bbox 134 2621 1248 2709; baseline -0.002 -18"><span class='ocrx_word' id='word_1_165' title='bbox 134 2628 250 2692; x_wconf 80' lang='lat' dir='ltr'>datum</span> <span class='ocrx_word' id='word_1_166' title='bbox 265 2637 335 2691; x_wconf 82' lang='lat' dir='ltr'>est.</span> <span class='ocrx_word' id='word_1_167' title='bbox 351 2625 414 2690; x_wconf 86' lang='lat' dir='ltr'>sed</span> <span class='ocrx_word' id='word_1_168' title='bbox 428 2625 531 2690; x_wconf 80' lang='lat' dir='ltr'>mullo</span> <span class='ocrx_word' id='word_1_169' title='bbox 547 2625 656 2688; x_wconf 88' lang='lat' dir='ltr'>miuus</span> <span class='ocrx_word' id='word_1_170' title='bbox 671 2624 809 2709; x_wconf 86' lang='lat' dir='ltr'>probari</span> <span class='ocrx_word' id='word_1_171' title='bbox 823 2630 940 2708; x_wconf 79' lang='lat' dir='ltr'>potest</span> <span class='ocrx_word' id='word_1_172' title='bbox 946 2621 1073 2708; x_wconf 70' lang='lat' dir='ltr'>sulqet:</span> <span class='ocrx_word' id='word_1_173' title='bbox 1088 2645 1166 2688; x_wconf 82' lang='lat' dir='ltr'>nem</span> <span class='ocrx_word' id='word_1_174' title='bbox 1180 2623 1248 2690; x_wconf 91' lang='lat' dir='ltr'>Lu·</span> 
     </span>
     <span class='ocr_line' id='line_1_23' title="bbox 136 2720 1248 2811; baseline -0.001 -22"><span class='ocrx_word' id='word_1_175' title='bbox 136 2725 261 2789; x_wconf 82' lang='lat' dir='ltr'>cretius</span> <span class='ocrx_word' id='word_1_176' title='bbox 275 2745 384 2809; x_wconf 89' lang='lat' dir='ltr'>neque</span> <span class='ocrx_word' id='word_1_177' title='bbox 391 2725 500 2811; x_wconf 68' lang='lat' dir='ltr'>salpae</span> <span class='ocrx_word' id='word_1_178' title='bbox 514 2743 656 2808; x_wconf 81' lang='lat' dir='ltr'>usquam</span> <span class='ocrx_word' id='word_1_179' title='bbox 673 2722 759 2787; x_wconf 80' lang='lat' dir='ltr'>dixit</span> <span class='ocrx_word' id='word_1_180' title='bbox 776 2769 784 2798; x_wconf 89' lang='lat'>‚</span> <span class='ocrx_word' id='word_1_181' title='bbox 806 2720 868 2786; x_wconf 92' lang='lat' dir='ltr'>sed</span> <span class='ocrx_word' id='word_1_182' title='bbox 875 2720 968 2809; x_wconf 71' lang='lat' dir='ltr'>salpe</span> <span class='ocrx_word' id='word_1_183' title='bbox 984 2769 992 2797; x_wconf 86' lang='lat'>,</span> <span class='ocrx_word' id='word_1_184' title='bbox 1011 2743 1121 2808; x_wconf 88' lang='lat' dir='ltr'>neque</span> <span class='ocrx_word' id='word_1_185' title='bbox 1145 2723 1248 2810; x_wconf 87' lang='lat' dir='ltr'>sylla·</span> 
     </span>
     <span class='ocr_line' id='line_1_24' title="bbox 134 2820 1248 2906; baseline 0 -20"><span class='ocrx_word' id='word_1_186' title='bbox 134 2824 196 2887; x_wconf 86' lang='lat' dir='ltr'>bas</span> <span class='ocrx_word' id='word_1_187' title='bbox 211 2823 332 2888; x_wconf 87' lang='lat' dir='ltr'>breves</span> <span class='ocrx_word' id='word_1_188' title='bbox 347 2823 382 2886; x_wconf 89' lang='lat' dir='ltr'>iu</span> <span class='ocrx_word' id='word_1_189' title='bbox 397 2842 539 2886; x_wconf 89' lang='lat' dir='ltr'>eaesura</span> <span class='ocrx_word' id='word_1_190' title='bbox 551 2820 743 2906; x_wconf 85' lang='lat' dir='ltr'>producere</span> <span class='ocrx_word' id='word_1_191' title='bbox 758 2841 860 2884; x_wconf 79' lang='lat' dir='ltr'>ausus</span> <span class='ocrx_word' id='word_1_192' title='bbox 876 2827 929 2884; x_wconf 84' lang='lat' dir='ltr'>est</span> <span class='ocrx_word' id='word_1_193' title='bbox 940 2868 947 2882; x_wconf 94' lang='lat'><strong>.</strong></span> <span class='ocrx_word' id='word_1_194' title='bbox 959 2841 1065 2904; x_wconf 85' lang='lat' dir='ltr'>quare</span> <span class='ocrx_word' id='word_1_195' title='bbox 1080 2821 1160 2886; x_wconf 92' lang='lat' dir='ltr'>mihi</span> <span class='ocrx_word' id='word_1_196' title='bbox 1174 2821 1248 2887; x_wconf 88' lang='lat' dir='ltr'>veri</span> 
     </span>
     <span class='ocr_line' id='line_1_25' title="bbox 134 2919 1247 3004; baseline 0 -18"><span class='ocrx_word' id='word_1_197' title='bbox 134 2920 331 2986; x_wconf 88' lang='lat' dir='ltr'>simillimum</span> <span class='ocrx_word' id='word_1_198' title='bbox 350 2919 487 2984; x_wconf 84' lang='lat' dir='ltr'>videtur</span> <span class='ocrx_word' id='word_1_199' title='bbox 509 2941 585 2983; x_wconf 90' lang='lat' dir='ltr'>eum</span> <span class='ocrx_word' id='word_1_200' title='bbox 600 2920 776 3004; x_wconf 79' lang='lat' dir='ltr'>scripsisse</span> <span class='ocrx_word' id='word_1_201' title='bbox 792 2927 917 3003; x_wconf 70' lang='lat' dir='ltr'>erperae</span> <span class='ocrx_word' id='word_1_202' title='bbox 931 2939 1004 2980; x_wconf 77' lang='lat' dir='ltr'>sue</span> <span class='ocrx_word' id='word_1_203' title='bbox 1014 2940 1059 2982; x_wconf 82' lang='lat' dir='ltr'>oe</span> <span class='ocrx_word' id='word_1_204' title='bbox 1069 2941 1139 2983; x_wconf 71' lang='grc' dir='ltr'>ιιι</span> <span class='ocrx_word' id='word_1_205' title='bbox 1153 2943 1247 2986; x_wconf 79' lang='lat' dir='ltr'>aare·</span> 
     </span>
     <span class='ocr_line' id='line_1_26' title="bbox 133 3014 1248 3105; baseline -0.001 -24"><span class='ocrx_word' id='word_1_206' title='bbox 133 3019 330 3105; x_wconf 69' lang='lat' dir='ltr'>qaeereaidet.</span> <span class='ocrx_word' id='word_1_207' title='bbox 341 3024 489 3082; x_wconf 83' lang='lat' dir='ltr'>osterum</span> <span class='ocrx_word' id='word_1_208' title='bbox 497 3016 651 3102; x_wconf 85' lang='lat' dir='ltr'>plerique</span> <span class='ocrx_word' id='word_1_209' title='bbox 661 3014 764 3080; x_wconf 88' lang='lat' dir='ltr'>hodie</span> <span class='ocrx_word' id='word_1_210' title='bbox 779 3014 991 3100; x_wconf 77' lang='lat' dir='ltr'>neglegentia</span> <span class='ocrx_word' id='word_1_211' title='bbox 1000 3014 1202 3080; x_wconf 80' lang='lat' dir='ltr'>intolerabili</span> <span class='ocrx_word' id='word_1_212' title='bbox 1213 3025 1248 3080; x_wconf 80' lang='lat' dir='ltr'>et</span> 
     </span>
     <span class='ocr_line' id='line_1_27' title="bbox 133 3112 1246 3201; baseline -0.004 -21"><span class='ocrx_word' id='word_1_213' title='bbox 133 3116 213 3180; x_wconf 90' lang='lat' dir='ltr'>huie</span> <span class='ocrx_word' id='word_1_214' title='bbox 227 3122 373 3201; x_wconf 71' lang='lat' dir='ltr'>politae,</span> <span class='ocrx_word' id='word_1_215' title='bbox 395 3116 451 3201; x_wconf 90' lang='lat' dir='ltr'>qui</span> <span class='ocrx_word' id='word_1_216' title='bbox 465 3137 586 3180; x_wconf 87' lang='lat' dir='ltr'>versus</span> <span class='ocrx_word' id='word_1_217' title='bbox 606 3136 687 3178; x_wconf 90' lang='lat' dir='ltr'>suos</span> <span class='ocrx_word' id='word_1_218' title='bbox 708 3113 753 3178; x_wconf 86' lang='lat' dir='ltr'>ad</span> <span class='ocrx_word' id='word_1_219' title='bbox 772 3113 922 3199; x_wconf 86' lang='lat' dir='ltr'>regulam</span> <span class='ocrx_word' id='word_1_220' title='bbox 936 3118 972 3175; x_wconf 79' lang='lat' dir='ltr'>et</span> <span class='ocrx_word' id='word_1_221' title='bbox 986 3112 1141 3176; x_wconf 84' lang='lat' dir='ltr'>amussim</span> <span class='ocrx_word' id='word_1_222' title='bbox 1157 3135 1246 3176; x_wconf 89' lang='lat' dir='ltr'>oom-</span> 
     </span>
     <span class='ocr_line' id='line_1_28' title="bbox 134 3209 1247 3300; baseline -0.003 -22"><span class='ocrx_word' id='word_1_223' title='bbox 134 3214 248 3300; x_wconf 79' lang='lat' dir='ltr'>posuit</span> <span class='ocrx_word' id='word_1_224' title='bbox 263 3261 271 3289; x_wconf 87' lang='lat'>,</span> <span class='ocrx_word' id='word_1_225' title='bbox 294 3234 536 3298; x_wconf 83' lang='lat' dir='ltr'>quemeumque</span> <span class='ocrx_word' id='word_1_226' title='bbox 551 3212 717 3277; x_wconf 78' lang='lat' dir='ltr'>licentiam</span> <span class='ocrx_word' id='word_1_227' title='bbox 732 3211 961 3296; x_wconf 82' lang='lat' dir='ltr'>incuriamque</span> <span class='ocrx_word' id='word_1_228' title='bbox 976 3216 1101 3274; x_wconf 82' lang='lat' dir='ltr'>temere</span> <span class='ocrx_word' id='word_1_229' title='bbox 1118 3209 1247 3276; x_wconf 81' lang='lat' dir='ltr'>adseri·</span> 
     </span>
     <span class='ocr_line' id='line_1_29' title="bbox 132 3308 1247 3395; baseline -0.004 -18"><span class='ocrx_word' id='word_1_230' title='bbox 132 3315 238 3392; x_wconf 85' lang='lat' dir='ltr'>bunt,</span> <span class='ocrx_word' id='word_1_231' title='bbox 254 3318 289 3375; x_wconf 82' lang='lat' dir='ltr'>et</span> <span class='ocrx_word' id='word_1_232' title='bbox 308 3319 441 3376; x_wconf 84' lang='lat' dir='ltr'>eeteros</span> <span class='ocrx_word' id='word_1_233' title='bbox 461 3312 496 3374; x_wconf 89' lang='lat' dir='ltr'>in</span> <span class='ocrx_word' id='word_1_234' title='bbox 511 3309 737 3395; x_wconf 83' lang='lat' dir='ltr'>productione</span> <span class='ocrx_word' id='word_1_235' title='bbox 750 3309 922 3383; x_wconf 89' lang='lat' dir='ltr'>brevium,</span> <span class='ocrx_word' id='word_1_236' title='bbox 938 3327 1025 3392; x_wconf 87' lang='lat' dir='ltr'>quae</span> <span class='ocrx_word' id='word_1_237' title='bbox 1038 3308 1073 3372; x_wconf 89' lang='lat' dir='ltr'>in</span> <span class='ocrx_word' id='word_1_238' title='bbox 1088 3329 1247 3374; x_wconf 86' lang='lat' dir='ltr'>versuum</span> 
     </span>
     <span class='ocr_line' id='line_1_30' title="bbox 134 3405 1247 3494; baseline -0.004 -20"><span class='ocrx_word' id='word_1_239' title='bbox 134 3410 286 3474; x_wconf 79' lang='lat' dir='ltr'>caesuris</span> <span class='ocrx_word' id='word_1_240' title='bbox 301 3408 357 3483; x_wconf 87' lang='lat' dir='ltr'>fit,</span> <span class='ocrx_word' id='word_1_241' title='bbox 376 3409 418 3472; x_wconf 87' lang='lat' dir='ltr'>ab</span> <span class='ocrx_word' id='word_1_242' title='bbox 433 3430 497 3472; x_wconf 91' lang='lat' dir='ltr'>usu</span> <span class='ocrx_word' id='word_1_243' title='bbox 511 3407 708 3494; x_wconf 87' lang='lat' dir='ltr'>Vergiliano</span> <span class='ocrx_word' id='word_1_244' title='bbox 724 3407 824 3494; x_wconf 86' lang='lat' dir='ltr'>louge</span> <span class='ocrx_word' id='word_1_245' title='bbox 840 3405 1024 3470; x_wconf 86' lang='lat' dir='ltr'>abhorrere</span> <span class='ocrx_word' id='word_1_246' title='bbox 1038 3427 1081 3470; x_wconf 91' lang='lat' dir='ltr'>ne</span> <span class='ocrx_word' id='word_1_247' title='bbox 1097 3405 1247 3470; x_wconf 86' lang='lat' dir='ltr'>animad-</span> 
     </span>
     <span class='ocr_line' id='line_1_31' title="bbox 132 3503 1247 3592; baseline -0.002 -20"><span class='ocrx_word' id='word_1_248' title='bbox 132 3515 272 3572; x_wconf 75' lang='lat' dir='ltr'>vertunt</span> <span class='ocrx_word' id='word_1_249' title='bbox 286 3506 437 3591; x_wconf 89' lang='lat' dir='ltr'>quidem.</span> <span class='ocrx_word' id='word_1_250' title='bbox 449 3527 526 3570; x_wconf 87' lang='lat' dir='ltr'>nam</span> <span class='ocrx_word' id='word_1_251' title='bbox 541 3505 635 3592; x_wconf 91' lang='lat' dir='ltr'>quod</span> <span class='ocrx_word' id='word_1_252' title='bbox 648 3513 771 3592; x_wconf 69' lang='lat' dir='ltr'>politae</span> <span class='ocrx_word' id='word_1_253' title='bbox 788 3504 907 3570; x_wconf 87' lang='lat' dir='ltr'>Graeci</span> <span class='ocrx_word' id='word_1_254' title='bbox 921 3505 956 3568; x_wconf 91' lang='lat' dir='ltr'>in</span> <span class='ocrx_word' id='word_1_255' title='bbox 972 3511 1044 3568; x_wconf 77' lang='lat' dir='ltr'>arte</span> <span class='ocrx_word' id='word_1_256' title='bbox 1060 3503 1151 3568; x_wconf 89' lang='lat' dir='ltr'>domi</span> <span class='ocrx_word' id='word_1_257' title='bbox 1165 3511 1247 3570; x_wconf 85' lang='lat' dir='ltr'>nata</span> 
     </span>
     <span class='ocr_line' id='line_1_32' title="bbox 134 3602 1246 3691; baseline -0.001 -23"><span class='ocrx_word' id='word_1_258' title='bbox 134 3605 207 3670; x_wconf 88' lang='lat' dir='ltr'>ausi</span> <span class='ocrx_word' id='word_1_259' title='bbox 221 3612 319 3676; x_wconf 80' lang='lat' dir='ltr'>sunt,</span> <span class='ocrx_word' id='word_1_260' title='bbox 329 3611 369 3667; x_wconf 83' lang='lat' dir='ltr'>ut</span> <span class='ocrx_word' id='word_1_261' title='bbox 383 3623 486 3687; x_wconf 89' lang='lat' dir='ltr'>saepe</span> <span class='ocrx_word' id='word_1_262' title='bbox 497 3625 616 3670; x_wconf 86' lang='lat' dir='ltr'>versus</span> <span class='ocrx_word' id='word_1_263' title='bbox 627 3616 817 3691; x_wconf 79' lang='lat' dir='ltr'>pangerent</span> <span class='ocrx_word' id='word_1_264' title='bbox 826 3603 885 3666; x_wconf 85' lang='lat' dir='ltr'>vix</span> <span class='ocrx_word' id='word_1_265' title='bbox 895 3602 1008 3688; x_wconf 88' lang='lat' dir='ltr'>speeie</span> <span class='ocrx_word' id='word_1_266' title='bbox 1020 3603 1142 3668; x_wconf 78' lang='lat' dir='ltr'>celeris</span> <span class='ocrx_word' id='word_1_267' title='bbox 1153 3651 1161 3678; x_wconf 92' lang='lat'>‚</span> <span class='ocrx_word' id='word_1_268' title='bbox 1173 3603 1246 3688; x_wconf 91' lang='lat' dir='ltr'>qui·</span> 
     </span>
     <span class='ocr_line' id='line_1_33' title="bbox 134 3699 1245 3786; baseline -0.003 -19"><span class='ocrx_word' id='word_1_269' title='bbox 134 3704 197 3768; x_wconf 88' lang='lat' dir='ltr'>bus</span> <span class='ocrx_word' id='word_1_270' title='bbox 211 3702 459 3782; x_wconf 79' lang='lat' dir='ltr'>interveniunt,</span> <span class='ocrx_word' id='word_1_271' title='bbox 471 3703 613 3780; x_wconf 86' lang='lat' dir='ltr'>similes,</span> <span class='ocrx_word' id='word_1_272' title='bbox 629 3699 708 3767; x_wconf 79' lang='grc' dir='ltr'>Φίλε</span> <span class='ocrx_word' id='word_1_273' title='bbox 725 3703 888 3775; x_wconf 69' lang='lat' dir='ltr'>aetimare</span> <span class='ocrx_word' id='word_1_274' title='bbox 901 3750 907 3775; x_wconf 86' lang='lat'><strong><em>.</em></strong></span> <span class='ocrx_word' id='word_1_275' title='bbox 923 3700 1059 3766; x_wconf 76' lang='lat' dir='ltr'>Oluerou</span> <span class='ocrx_word' id='word_1_276' title='bbox 1076 3701 1113 3774; x_wconf 72' lang='lat' dir='ltr'>ui</span> <span class='ocrx_word' id='word_1_277' title='bbox 1129 3723 1175 3764; x_wconf 90' lang='grc' dir='ltr'>τοι</span> <span class='ocrx_word' id='word_1_278' title='bbox 1192 3701 1245 3786; x_wconf 73' lang='lat' dir='ltr'>ep-</span> 
     </span>
     <span class='ocr_line' id='line_1_34' title="bbox 134 3796 1245 3885; baseline 0 -23"><span class='ocrx_word' id='word_1_279' title='bbox 134 3799 332 3864; x_wconf 75' lang='lat' dir='ltr'>siireuuou.</span> <span class='ocrx_word' id='word_1_280' title='bbox 349 3797 496 3862; x_wconf 67' lang='lat' dir='ltr'>Hilarius</span> <span class='ocrx_word' id='word_1_281' title='bbox 521 3796 559 3863; x_wconf 72' lang='lat' dir='ltr'>sis</span> <span class='ocrx_word' id='word_1_282' title='bbox 583 3800 702 3877; x_wconf 59' lang='lat' dir='ltr'>finem</span> <span class='ocrx_word' id='word_1_283' title='bbox 724 3799 791 3864; x_wconf 75' lang='grc' dir='ltr'>ἐπεὶ</span> <span class='ocrx_word' id='word_1_284' title='bbox 813 3798 869 3871; x_wconf 73' lang='lat' dir='ltr'>eis</span> <span class='ocrx_word' id='word_1_285' title='bbox 892 3797 1006 3884; x_wconf 70' lang='lat' dir='ltr'>ipeuoc</span> <span class='ocrx_word' id='word_1_286' title='bbox 1022 3799 1100 3885; x_wconf 74' lang='lat' dir='ltr'>Je&#39;ls</span> <span class='ocrx_word' id='word_1_287' title='bbox 1118 3798 1245 3872; x_wconf 73' lang='lat' dir='ltr'>r’icriu.</span> 
     </span>
     <span class='ocr_line' id='line_1_35' title="bbox 134 3895 1246 3974; baseline 0.001 -15"><span class='ocrx_word' id='word_1_288' title='bbox 134 3895 235 3960; x_wconf 75' lang='lat' dir='ltr'>Nricoc</span> <span class='ocrx_word' id='word_1_289' title='bbox 246 3896 375 3972; x_wconf 69' lang='lat' dir='ltr'>r’eiipua</span> <span class='ocrx_word' id='word_1_290' title='bbox 387 3899 581 3970; x_wconf 63' lang='lat' dir='ltr'>sarculetur</span> <span class='ocrx_word' id='word_1_291' title='bbox 594 3898 734 3972; x_wconf 75' lang='lat' dir='ltr'>r’Eissoie</span> <span class='ocrx_word' id='word_1_292' title='bbox 744 3949 750 3974; x_wconf 87' lang='lat'><em>,</em></span> <span class='ocrx_word' id='word_1_293' title='bbox 762 3898 830 3962; x_wconf 91' lang='lat' dir='ltr'>hoe</span> <span class='ocrx_word' id='word_1_294' title='bbox 838 3898 902 3962; x_wconf 88' lang='lat' dir='ltr'>uisi</span> <span class='ocrx_word' id='word_1_295' title='bbox 910 3897 1022 3962; x_wconf 79' lang='lat' dir='ltr'>Latini</span> <span class='ocrx_word' id='word_1_296' title='bbox 1033 3895 1187 3962; x_wconf 77' lang='lat' dir='ltr'>studiose</span> <span class='ocrx_word' id='word_1_297' title='bbox 1196 3896 1246 3960; x_wconf 91' lang='lat' dir='ltr'>vi·</span> 
     </span>
     <span class='ocr_line' id='line_1_36' title="bbox 133 3983 1253 4082; baseline 0.001 -24"><span class='ocrx_word' id='word_1_298' title='bbox 133 4001 280 4070; x_wconf 76' lang='lat' dir='ltr'>lassent,</span> <span class='ocrx_word' id='word_1_299' title='bbox 291 4016 412 4060; x_wconf 85' lang='lat' dir='ltr'>versus</span> <span class='ocrx_word' id='word_1_300' title='bbox 425 3995 624 4082; x_wconf 79' lang='lat' dir='ltr'>peregrinos</span> <span class='ocrx_word' id='word_1_301' title='bbox 640 3997 709 4060; x_wconf 90' lang='lat' dir='ltr'>suis</span> <span class='ocrx_word' id='word_1_302' title='bbox 723 3983 916 4061; x_wconf 83' lang='lat' dir='ltr'>hominibus</span> <span class='ocrx_word' id='word_1_303' title='bbox 930 4017 999 4060; x_wconf 89' lang='lat' dir='ltr'>nou</span> <span class='ocrx_word' id='word_1_304' title='bbox 1009 4003 1171 4081; x_wconf 82' lang='lat' dir='ltr'>poterent</span> <span class='ocrx_word' id='word_1_305' title='bbox 1186 3989 1253 4082; x_wconf 53' lang='lat' dir='ltr'>ap?</span> 
     </span>
     <span class='ocr_line' id='line_1_37' title="bbox 132 4092 1244 4180; baseline 0.002 -26"><span class='ocrx_word' id='word_1_306' title='bbox 132 4093 420 4180; x_wconf 64' lang='lat' dir='ltr'>probatamque</span> <span class='ocrx_word' id='word_1_307' title='bbox 428 4094 566 4158; x_wconf 81' lang='lat' dir='ltr'>vooales</span> <span class='ocrx_word' id='word_1_308' title='bbox 573 4094 739 4158; x_wconf 90' lang='lat' dir='ltr'>brevesin</span> <span class='ocrx_word' id='word_1_309' title='bbox 749 4095 841 4159; x_wconf 79' lang='lat' dir='ltr'>exitu</span> <span class='ocrx_word' id='word_1_310' title='bbox 849 4092 1090 4159; x_wconf 80' lang='lat' dir='ltr'>vocabulorum</span> <span class='ocrx_word' id='word_1_311' title='bbox 1100 4093 1244 4178; x_wconf 81' lang='lat' dir='ltr'>positas,</span> 
     </span>
     <span class='ocr_line' id='line_1_38' title="bbox 133 4191 1245 4280; baseline 0.002 -28"><span class='ocrx_word' id='word_1_312' title='bbox 133 4191 419 4279; x_wconf 80' lang='lat' dir='ltr'>praeterilludque</span> <span class='ocrx_word' id='word_1_313' title='bbox 424 4193 627 4278; x_wconf 80' lang='lat' dir='ltr'>geminatum</span> <span class='ocrx_word' id='word_1_314' title='bbox 633 4192 834 4279; x_wconf 75' lang='lat' dir='ltr'>,Lirnimrque</span> <span class='ocrx_word' id='word_1_315' title='bbox 842 4195 1015 4280; x_wconf 64' lang='lat' dir='ltr'>laeuoque,</span> <span class='ocrx_word' id='word_1_316' title='bbox 1022 4193 1245 4277; x_wconf 62' lang='lat' dir='ltr'>Noemonaque</span> 
     </span>
     <span class='ocr_line' id='line_1_39' title="bbox 132 4287 1245 4376; baseline -0.002 -26"><span class='ocrx_word' id='word_1_317' title='bbox 132 4289 350 4376; x_wconf 70' lang='lat' dir='ltr'>stytuuimque</span> <span class='ocrx_word' id='word_1_318' title='bbox 358 4339 366 4368; x_wconf 92' lang='lat'>,</span> <span class='ocrx_word' id='word_1_319' title='bbox 377 4311 444 4375; x_wconf 92' lang='lat' dir='ltr'>quo</span> <span class='ocrx_word' id='word_1_320' title='bbox 454 4293 580 4375; x_wconf 85' lang='lat' dir='ltr'>primus</span> <span class='ocrx_word' id='word_1_321' title='bbox 590 4291 688 4356; x_wconf 86' lang='lat' dir='ltr'>Maro</span> <span class='ocrx_word' id='word_1_322' title='bbox 696 4313 778 4355; x_wconf 89' lang='lat' dir='ltr'>usus</span> <span class='ocrx_word' id='word_1_323' title='bbox 787 4298 838 4354; x_wconf 81' lang='lat' dir='ltr'>est</span> <span class='ocrx_word' id='word_1_324' title='bbox 848 4338 856 4364; x_wconf 88' lang='lat'><strong>‚</strong></span> <span class='ocrx_word' id='word_1_325' title='bbox 866 4291 1060 4374; x_wconf 83' lang='lat' dir='ltr'>maiorpars</span> <span class='ocrx_word' id='word_1_326' title='bbox 1068 4287 1245 4359; x_wconf 80' lang='lat' dir='ltr'>abstinuit,</span> 
     </span>
     <span class='ocr_line' id='line_1_40' title="bbox 130 4385 1245 4476; baseline 0 -27"><span class='ocrx_word' id='word_1_327' title='bbox 130 4385 256 4450; x_wconf 90' lang='lat' dir='ltr'>nullum</span> <span class='ocrx_word' id='word_1_328' title='bbox 271 4394 407 4471; x_wconf 70' lang='lat' dir='ltr'>politam</span> <span class='ocrx_word' id='word_1_329' title='bbox 417 4389 574 4452; x_wconf 82' lang='lat' dir='ltr'>Latinum</span> <span class='ocrx_word' id='word_1_330' title='bbox 589 4389 793 4476; x_wconf 84' lang='lat' dir='ltr'>produxisse</span> <span class='ocrx_word' id='word_1_331' title='bbox 808 4387 910 4452; x_wconf 83' lang='lat' dir='ltr'>credo</span> <span class='ocrx_word' id='word_1_332' title='bbox 921 4437 928 4462; x_wconf 91' lang='lat'>,</span> <span class='ocrx_word' id='word_1_333' title='bbox 940 4388 1002 4454; x_wconf 90' lang='lat' dir='ltr'>sed</span> <span class='ocrx_word' id='word_1_334' title='bbox 1016 4403 1245 4474; x_wconf 80' lang='lat' dir='ltr'>quaecumque</span> 
     </span>
     <span class='ocr_line' id='line_1_41' title="bbox 130 4479 1244 4572; baseline -0.003 -25"><span class='ocrx_word' id='word_1_335' title='bbox 130 4491 251 4549; x_wconf 78' lang='lat' dir='ltr'>extanl</span> <span class='ocrx_word' id='word_1_336' title='bbox 270 4484 371 4550; x_wconf 89' lang='lat' dir='ltr'>huius</span> <span class='ocrx_word' id='word_1_337' title='bbox 391 4487 547 4552; x_wconf 80' lang='lat' dir='ltr'>licentiae</span> <span class='ocrx_word' id='word_1_338' title='bbox 568 4487 719 4572; x_wconf 86' lang='lat' dir='ltr'>exempla</span> <span class='ocrx_word' id='word_1_339' title='bbox 736 4509 755 4550; x_wconf 95' lang='lat' dir='ltr'>a</span> <span class='ocrx_word' id='word_1_340' title='bbox 770 4486 914 4551; x_wconf 85' lang='lat' dir='ltr'>librariis</span> <span class='ocrx_word' id='word_1_341' title='bbox 928 4483 1181 4570; x_wconf 84' lang='lat' dir='ltr'>indiligentibus</span> <span class='ocrx_word' id='word_1_342' title='bbox 1195 4479 1244 4544; x_wconf 88' lang='lat' dir='ltr'>iu-</span> 
     </span>
    </p>
   </div>
   <div class='ocr_carea' id='block_1_5' title="bbox 0 0 1522 5198">
    <p class='ocr_par' dir='ltr' id='par_1_6' title="bbox 0 0 1522 5198">
     <span class='ocr_line' id='line_1_42' title="bbox 0 0 1522 5198; baseline 0 1"><span class='ocrx_word' id='word_1_343' title='bbox 0 0 1522 5198; x_wconf 95' lang='lat' dir='ltr'> </span> 
     </span>
    </p>
   </div>
  </div>
 </body>
</html>
