2970 5268
611 475 674 542 llll
1139 473 1205 540 133

46 667 72 711 eu
88 657 112 712 et
124 647 213 735 cycni
229 648 335 712 tortis
349 648 555 712 convallibus
571 671 613 713 ex
627 648 797 714 Heliconis

86 785 144 826 eum
157 761 323 847 liquidam
336 762 460 828 tollunt
474 764 605 848 lugubri
619 785 703 827 voce
718 764 911 848 querellam.

116 875 221 942 Hasce
236 877 342 962 igitur
356 877 490 962 penitus
506 900 608 942 voees
624 899 699 942 cum
714 899 856 964 corpore
870 887 990 944 nostro

85 991 286 1076 exprimimus
302 1000 464 1078 rectoque
478 992 571 1056 foras
587 992 764 1056 emittimus
780 1013 854 1068 ore,

84 1105 195 1168 nobilis
209 1106 373 1170 articulat
386 1107 564 1170 verborum
580 1106 721 1172 daedala
734 1107 863 1192 lingua,

44 1233 69 1276 oo
83 1216 324 1306 formaturaque
338 1222 507 1286 labrorum
523 1243 585 1307 pro
600 1231 696 1307 parte
711 1222 844 1306 figurat.

44 1345 69 1388 55
83 1330 135 1395 hoc
148 1334 204 1398 nbi
218 1357 294 1398 non
308 1335 443 1422 longum
458 1337 635 1422 spatiumst
649 1335 739 1399 unde
754 1355 821 1399 una
836 1333 988 1420 profecta

82 1449 239 1528 perveniet
254 1471 326 1514 vox
341 1471 511 1536 quaeque,
523 1461 695 1515 necessest
709 1451 813 1515 verba
828 1471 963 1536 quoque
977 1451 1051 1536 ipsa

43 1571 68 1614 55
82 1558 164 1640 plrme
178 1562 335 1627 exaudiri
352 1562 564 1650 discernique
579 1566 794 1629 articulatim:

82 1683 179 1738 servet
193 1677 285 1740 enim
300 1677 518 1742 formaturam
532 1689 713 1766 servatque
729 1680 881 1766 figuram.

81 1793 107 1847 et
118 1787 144 1849 si
155 1788 244 1854 inter
260 1793 406 1878 positum
422 1794 564 1879 spatium
579 1795 624 1858 sit
636 1769 768 1880 longius
783 1815 908 1879 aeque,

82 1905 145 1964 neta
157 1925 218 1987 per
232 1905 376 1970 multum
391 1906 550 1971 confundi
565 1909 668 1972 verba
681 1917 853 1973 necessest

84 2021 109 2076 et
121 2021 317 2084 conturbari
331 2042 465 2098 vocem,
478 2021 556 2086 dum
572 2023 759 2087 transvolat
774 2043 886 2108 auras.

43 2138 68 2184 55
84 2147 149 2214 ergo
162 2131 216 2208 fit,
228 2135 378 2198 sonitum
392 2145 430 2200 ut
444 2138 553 2224 possis
568 2139 709 2212 sentire,
722 2159 832 2222 neque
847 2137 934 2231 illam
1011 2135 1014 2140 ’

84 2240 300 2313 internoscere
310 2299 318 2325 ‚
328 2251 507 2316 verborum
523 2252 689 2316 sententia
704 2273 790 2337 quae
805 2252 863 2315 sit:

28 2379 29 2400 ³
83 2377 172 2442 usque
186 2361 274 2429 adeo
291 2351 431 2428 c'onsusa
444 2367 538 2432 venit
552 2388 620 2430 vox
634 2367 735 2452 inque
751 2365 882 2453 pedite.

28 2413 30 2524 1
84 2487 243 2551 praeterea
257 2479 398 2544 verbum
413 2503 513 2568 saepe
527 2503 631 2545 unum
645 2483 773 2566 perciet
787 2483 875 2546 auris

28 2619 30 2670 1
84 2589 218 2656 omnibus
232 2593 268 2657 in
283 2595 409 2681 populo
420 2645 428 2671 ,
439 2597 573 2660 missum
588 2597 762 2682 praeconis
778 2597 820 2661 ab
835 2619 910 2661 ore.

28 2791 29 2800 ἵ
44 2707 70 2750 rr,
84 2697 109 2760 in
121 2705 235 2772 multas
249 2709 352 2794 igitur
367 2729 467 2774 voces
483 2732 550 2774 vox
565 2733 631 2775 una
644 2721 784 2798 repente

28 2817 30 2906 1
86 2809 196 2903 diffugit
207 2822 257 2897 ‚in
273 2823 387 2908 privas
403 2825 559 2909 quoniam
574 2847 611 2888 se
626 2825 745 2890 dividit
759 2828 863 2902 auris,

85 2927 249 3017 obsignans
262 2935 404 3002 formam
419 2939 515 3003 verbi
530 2941 721 3024 clarumque
736 2960 905 3003 sonorem.

82 3049 113 3144 51
125 3065 203 3129 quae
218 3074 299 3139 pars
313 3074 434 3116 vocum
448 3075 516 3116 non
532 3054 621 3116 auris
635 3051 753 3116 incidit
766 3054 871 3137 ipsas,

28 3229 29 3232 1
85 3169 201 3239 praeter
214 3165 286 3230 lata
298 3167 386 3253 perit
400 3167 525 3230 frustra
541 3166 660 3229 diffusa
675 3187 735 3250 per
749 3185 864 3229 auras:

47 3273 73 3322 ⁵¹⁰
86 3259 292 3352 pers,solidis
307 3280 431 3356 adlisa,
441 3281 525 3344 locis
541 3280 664 3344 reiecta
678 3301 833 3344 sonorem

28 3429 29 3432 κ
86 3385 181 3456 reddit
195 3404 229 3459 et
243 3395 330 3460 inter
345 3395 424 3459 dum
438 3395 618 3460 frustratur
632 3396 773 3480 imagine
788 3395 897 3458 verbi.

88 3517 156 3580 quae
170 3507 255 3573 bene
271 3531 345 3574 cum
360 3510 491 3587 videas,
503 3512 666 3575 rationem
681 3509 825 3574 reddere
842 3511 951 3596 possis

28 3621 29 3640 ³
89 3619 146 3678 11115
158 3623 215 3687 tibi
230 3631 333 3710 atque
349 3625 436 3700 aliis,
449 3647 516 3710 quo
532 3635 632 3712 paeto
648 3647 708 3712 per
723 3624 798 3690 loca
812 3624 886 3688 sola

28 3795 29 3828 1
88 3740 255 3820 europaeis
268 3739 394 3803 formas
409 3741 587 3804 verborum
603 3761 645 3802 ex
659 3739 777 3803 ordine
791 3738 952 3814 reddant,
1056 3819 1059 3826 Ι

48 3841 74 3890 ⁵²⁵
88 3841 211 3920 palantis
227 3853 366 3918 comites
381 3876 456 3918 eom
471 3855 592 3918 montis
607 3853 693 3917 inter
709 3875 835 3940 opacos

28 4009 29 4048 1
90 3966 259 4038 quaerimus
274 3975 309 4032 et
323 3990 442 4055 magna
457 3967 629 4055 dispersos
644 3989 728 4031 voce
744 3968 880 4032 ciemus.

91 4088 137 4138 ser
150 4081 245 4146 etiarn
260 4090 319 4147 aut
335 4090 462 4169 septem
477 4084 552 4148 loca
565 4081 634 4147 vidi
648 4079 791 4146 reddere
806 4103 923 4160 voces,

96 4253 276 4278 ''Nu—.-

93 4353 130 4403 545
146 4355 179 4414 Et
195 4363 289 4416 validis
306 4367 378 4419 necti
395 4368 472 4420 tortis
491 4385 523 4420 ex
542 4369 552 4438 11
572 4375 621 4421 548
640 4369 766 4422 mittimus
785 4369 794 4436 11
814 4375 862 4421 549
881 4387 1023 4424 neruorum
1042 4372 1052 4438 11
1071 4366 1201 4434 5531115511

95 4435 132 4488 567
150 4448 232 4500 verbis
250 4447 261 4514 11
280 4448 417 4520 570·lopis
437 4451 446 4519 11
466 4456 515 4504 576
534 4469 643 4521 ningues
662 4453 671 4521 11
692 4457 739 4505 577
760 4451 849 4506 videre
867 4453 951 4506 odore
969 4455 1055 4506 vocis.
