<?xml version="1.0" encoding="UTF-8"?>
<!DOCTYPE html PUBLIC "-//W3C//DTD XHTML 1.0 Transitional//EN"
    "http://www.w3.org/TR/xhtml1/DTD/xhtml1-transitional.dtd">
<html xmlns="http://www.w3.org/1999/xhtml" xml:lang="en" lang="en">
 <head>
  <title>
</title>
<meta http-equiv="Content-Type" content="text/html;charset=utf-8" />
  <meta name='ocr-system' content='tesseract 3.04.00' />
  <meta name='ocr-capabilities' content='ocr_page ocr_carea ocr_par ocr_line ocrx_word'/>
</head>
<body>
  <div class='ocr_page' id='page_1' title='image "./intlucretiicari00lachgoog_0463.png"; bbox 0 0 2990 5202; ppageno 0'>
   <div class='ocr_carea' id='block_1_1' title="bbox 264 471 844 546">
    <p class='ocr_par' dir='ltr' id='par_1_1' title="bbox 264 471 844 546">
     <span class='ocr_line' id='line_1_1' title="bbox 264 471 844 546; baseline -0.007 0"><span class='ocrx_word' id='word_1_1' title='bbox 264 475 335 546; x_wconf 87' lang='grc'>206</span> <span class='ocrx_word' id='word_1_2' title='bbox 795 471 844 542; x_wconf 90' lang='lat'>111</span> 
     </span>
    </p>
   </div>
   <div class='ocr_carea' id='block_1_2' title="bbox 125 647 1489 4562">
    <p class='ocr_par' dir='ltr' id='par_1_2' title="bbox 170 647 1381 834">
     <span class='ocr_line' id='line_1_2' title="bbox 349 647 1381 725; baseline -0.003 -11"><span class='ocrx_word' id='word_1_3' title='bbox 349 648 438 716; x_wconf 88' lang='grc'><strong>1032</strong></span> <span class='ocrx_word' id='word_1_4' title='bbox 459 647 767 713; x_wconf 80' lang='lat' dir='ltr'>Ercorrsusrr</span> <span class='ocrx_word' id='word_1_5' title='bbox 788 669 908 725; x_wconf 77' lang='lat' dir='ltr'>soors</span> <span class='ocrx_word' id='word_1_6' title='bbox 930 668 1169 712; x_wconf 76' lang='lat' dir='ltr'>rusurrnus.</span> <span class='ocrx_word' id='word_1_7' title='bbox 1194 649 1381 713; x_wconf 86' lang='lat' dir='ltr'>Corrector</span> 
     </span>
     <span class='ocr_line' id='line_1_3' title="bbox 170 745 855 834; baseline -0.009 -18"><span class='ocrx_word' id='word_1_8' title='bbox 170 807 175 816; x_wconf 93' lang='lat'>.</span> <span class='ocrx_word' id='word_1_9' title='bbox 265 748 423 834; x_wconf 89' lang='lat' dir='ltr'>quadrati</span> <span class='ocrx_word' id='word_1_10' title='bbox 437 755 472 812; x_wconf 89' lang='lat' dir='ltr'>et</span> <span class='ocrx_word' id='word_1_11' title='bbox 487 745 588 812; x_wconf 88' lang='lat' dir='ltr'>ceteri</span> <span class='ocrx_word' id='word_1_12' title='bbox 605 767 855 810; x_wconf 82' lang='lat' dir='ltr'>rusunraxs.</span> 
     </span>
    </p>

    <p class='ocr_par' dir='ltr' id='par_1_3' title="bbox 350 796 1489 911">
     <span class='ocr_line' id='line_1_4' title="bbox 350 796 1489 911; baseline -0.004 0"><span class='ocrx_word' id='word_1_13' title='bbox 350 846 439 911; x_wconf 89' lang='grc'><strong>1033.</strong></span> <span class='ocrx_word' id='word_1_14' title='bbox 459 867 696 908; x_wconf 80' lang='lat' dir='ltr'>uoxrnuuoo</span> <span class='ocrx_word' id='word_1_15' title='bbox 713 865 895 908; x_wconf 82' lang='lat' dir='ltr'>coaroxs</span> <span class='ocrx_word' id='word_1_16' title='bbox 911 863 1043 908; x_wconf 85' lang='lat' dir='ltr'>ruorr.</span> <span class='ocrx_word' id='word_1_17' title='bbox 1059 796 1222 908; x_wconf 81' lang='lat' dir='ltr'>Marullus</span> <span class='ocrx_word' id='word_1_18' title='bbox 1238 866 1378 908; x_wconf 84' lang='lat' dir='ltr'>runrr.</span> <span class='ocrx_word' id='word_1_19' title='bbox 1488 885 1489 890; x_wconf 22' lang='grc' dir='ltr'><strong>κ</strong></span> 
     </span>
    </p>

    <p class='ocr_par' dir='ltr' id='par_1_4' title="bbox 255 941 1489 2700">
     <span class='ocr_line' id='line_1_5' title="bbox 349 941 1379 1016; baseline -0.002 -8"><span class='ocrx_word' id='word_1_20' title='bbox 349 943 438 1009; x_wconf 88' lang='grc'><strong>1034.</strong></span> <span class='ocrx_word' id='word_1_21' title='bbox 461 941 1029 1016; x_wconf 78' lang='lat' dir='ltr'>Sorrranas,eanr1rununx.</span> <span class='ocrx_word' id='word_1_22' title='bbox 1052 941 1379 1007; x_wconf 84' lang='lat' dir='ltr'>Correctoresant-i·</span> 
     </span>
     <span class='ocr_line' id='line_1_6' title="bbox 265 1039 1379 1130; baseline -0.004 -22"><span class='ocrx_word' id='word_1_23' title='bbox 265 1042 414 1130; x_wconf 85' lang='lat' dir='ltr'>quissimi</span> <span class='ocrx_word' id='word_1_24' title='bbox 443 1049 477 1106; x_wconf 88' lang='lat' dir='ltr'>et</span> <span class='ocrx_word' id='word_1_25' title='bbox 501 1041 708 1104; x_wconf 81' lang='lat' dir='ltr'>recentiores</span> <span class='ocrx_word' id='word_1_26' title='bbox 732 1039 900 1116; x_wconf 80' lang='lat' dir='ltr'>universi,</span> <span class='ocrx_word' id='word_1_27' title='bbox 920 1040 1000 1104; x_wconf 88' lang='lat' dir='ltr'>item</span> <span class='ocrx_word' id='word_1_28' title='bbox 1021 1039 1217 1106; x_wconf 75' lang='lat' dir='ltr'>Macrobius</span> <span class='ocrx_word' id='word_1_29' title='bbox 1239 1041 1379 1105; x_wconf 89' lang='lat' dir='ltr'>Saturn.</span> 
     </span>
     <span class='ocr_line' id='line_1_7' title="bbox 264 1135 1379 1226; baseline -0.002 -21"><span class='ocrx_word' id='word_1_30' title='bbox 264 1142 359 1218; x_wconf 84' lang='lat' dir='ltr'>r1,l,</span> <span class='ocrx_word' id='word_1_31' title='bbox 380 1139 557 1226; x_wconf 72' lang='lat' dir='ltr'><strong><em>Scipiades.</em></strong></span> <span class='ocrx_word' id='word_1_32' title='bbox 579 1159 661 1204; x_wconf 87' lang='lat' dir='ltr'>sane</span> <span class='ocrx_word' id='word_1_33' title='bbox 682 1138 771 1203; x_wconf 90' lang='lat' dir='ltr'>hanc</span> <span class='ocrx_word' id='word_1_34' title='bbox 793 1137 878 1203; x_wconf 87' lang='lat' dir='ltr'>recti</span> <span class='ocrx_word' id='word_1_35' title='bbox 900 1159 999 1202; x_wconf 79' lang='lat' dir='ltr'>carus</span> <span class='ocrx_word' id='word_1_36' title='bbox 1020 1135 1161 1202; x_wconf 85' lang='lat' dir='ltr'>formam</span> <span class='ocrx_word' id='word_1_37' title='bbox 1182 1138 1379 1204; x_wconf 79' lang='lat' dir='ltr'>Priscianus</span> 
     </span>
     <span class='ocr_line' id='line_1_8' title="bbox 264 1235 1489 1324; baseline -0.003 -20"><span class='ocrx_word' id='word_1_38' title='bbox 264 1238 384 1304; x_wconf 76' lang='lat' dir='ltr'>statuit</span> <span class='ocrx_word' id='word_1_39' title='bbox 397 1261 429 1324; x_wconf 90' lang='lat' dir='ltr'>p.</span> <span class='ocrx_word' id='word_1_40' title='bbox 441 1236 519 1314; x_wconf 74' lang='lat'><strong>7293</strong></span> <span class='ocrx_word' id='word_1_41' title='bbox 534 1243 627 1300; x_wconf 89' lang='lat' dir='ltr'>recte</span> <span class='ocrx_word' id='word_1_42' title='bbox 640 1235 791 1322; x_wconf 87' lang='lat' dir='ltr'>quidem:</span> <span class='ocrx_word' id='word_1_43' title='bbox 806 1235 869 1302; x_wconf 87' lang='lat' dir='ltr'>sed</span> <span class='ocrx_word' id='word_1_44' title='bbox 880 1257 921 1300; x_wconf 88' lang='lat' dir='ltr'>ea</span> <span class='ocrx_word' id='word_1_45' title='bbox 932 1236 988 1322; x_wconf 90' lang='lat' dir='ltr'>qui</span> <span class='ocrx_word' id='word_1_46' title='bbox 1000 1257 1081 1301; x_wconf 88' lang='lat' dir='ltr'>usus</span> <span class='ocrx_word' id='word_1_47' title='bbox 1092 1237 1138 1300; x_wconf 90' lang='lat' dir='ltr'>sit</span> <span class='ocrx_word' id='word_1_48' title='bbox 1152 1235 1284 1301; x_wconf 90' lang='lat' dir='ltr'>nullum.</span> <span class='ocrx_word' id='word_1_49' title='bbox 1295 1243 1379 1322; x_wconf 76' lang='lat' dir='ltr'>poti·</span> <span class='ocrx_word' id='word_1_50' title='bbox 1488 1299 1489 1322; x_wconf 61' lang='lat'>,</span> 
     </span>
     <span class='ocr_line' id='line_1_9' title="bbox 264 1325 1489 1420; baseline -0.004 -18"><span class='ocrx_word' id='word_1_51' title='bbox 264 1345 333 1402; x_wconf 91' lang='lat' dir='ltr'>tam</span> <span class='ocrx_word' id='word_1_52' title='bbox 351 1337 449 1400; x_wconf 84' lang='lat' dir='ltr'>novi.</span> <span class='ocrx_word' id='word_1_53' title='bbox 472 1335 561 1398; x_wconf 89' lang='lat' dir='ltr'>etin</span> <span class='ocrx_word' id='word_1_54' title='bbox 578 1332 745 1399; x_wconf 89' lang='lat' dir='ltr'>vocabulo</span> <span class='ocrx_word' id='word_1_55' title='bbox 767 1333 860 1420; x_wconf 89' lang='lat' dir='ltr'>quod</span> <span class='ocrx_word' id='word_1_56' title='bbox 880 1333 1024 1398; x_wconf 87' lang='lat' dir='ltr'>Ennium</span> <span class='ocrx_word' id='word_1_57' title='bbox 1045 1334 1188 1420; x_wconf 89' lang='lat' dir='ltr'>primum</span> <span class='ocrx_word' id='word_1_58' title='bbox 1206 1335 1378 1398; x_wconf 83' lang='lat' dir='ltr'>invenisse</span> <span class='ocrx_word' id='word_1_59' title='bbox 1488 1325 1489 1328; x_wconf 28' lang='lat'>¹</span> 
     </span>
     <span class='ocr_line' id='line_1_10' title="bbox 263 1431 1378 1522; baseline -0.006 -21"><span class='ocrx_word' id='word_1_60' title='bbox 263 1435 439 1522; x_wconf 79' lang='lat' dir='ltr'>probabile</span> <span class='ocrx_word' id='word_1_61' title='bbox 465 1441 540 1507; x_wconf 90' lang='lat' dir='ltr'>est,</span> <span class='ocrx_word' id='word_1_62' title='bbox 565 1432 636 1496; x_wconf 90' lang='lat' dir='ltr'>iure</span> <span class='ocrx_word' id='word_1_63' title='bbox 659 1433 774 1517; x_wconf 89' lang='lat' dir='ltr'>quaeri</span> <span class='ocrx_word' id='word_1_64' title='bbox 796 1440 913 1518; x_wconf 86' lang='lat' dir='ltr'>potest</span> <span class='ocrx_word' id='word_1_65' title='bbox 934 1453 1112 1517; x_wconf 78' lang='lat' dir='ltr'>quamnam</span> <span class='ocrx_word' id='word_1_66' title='bbox 1133 1432 1188 1496; x_wconf 90' lang='lat' dir='ltr'>ille</span> <span class='ocrx_word' id='word_1_67' title='bbox 1210 1431 1378 1497; x_wconf 82' lang='lat' dir='ltr'>Graecam</span> 
     </span>
     <span class='ocr_line' id='line_1_11' title="bbox 262 1528 1378 1619; baseline -0.005 -19"><span class='ocrx_word' id='word_1_68' title='bbox 262 1535 403 1600; x_wconf 85' lang='lat' dir='ltr'>formam</span> <span class='ocrx_word' id='word_1_69' title='bbox 418 1529 606 1619; x_wconf 85' lang='lat' dir='ltr'>eligendam</span> <span class='ocrx_word' id='word_1_70' title='bbox 619 1532 810 1616; x_wconf 79' lang='lat' dir='ltr'>putaverit3</span> <span class='ocrx_word' id='word_1_71' title='bbox 827 1551 1029 1617; x_wconf 88' lang='lat' dir='ltr'>quamquam</span> <span class='ocrx_word' id='word_1_72' title='bbox 1046 1528 1188 1595; x_wconf 90' lang='lat' dir='ltr'>cundem</span> <span class='ocrx_word' id='word_1_73' title='bbox 1203 1530 1299 1595; x_wconf 87' lang='lat' dir='ltr'>hiatu</span> <span class='ocrx_word' id='word_1_74' title='bbox 1316 1531 1378 1594; x_wconf 90' lang='lat' dir='ltr'>ad-</span> 
     </span>
     <span class='ocr_line' id='line_1_12' title="bbox 262 1628 1378 1714; baseline -0.005 -16"><span class='ocrx_word' id='word_1_75' title='bbox 262 1633 367 1698; x_wconf 88' lang='lat' dir='ltr'>misso</span> <span class='ocrx_word' id='word_1_76' title='bbox 381 1679 388 1706; x_wconf 85' lang='lat'>,</span> <span class='ocrx_word' id='word_1_77' title='bbox 410 1631 504 1696; x_wconf 89' lang='lat' dir='ltr'>cuius</span> <span class='ocrx_word' id='word_1_78' title='bbox 525 1650 658 1693; x_wconf 87' lang='lat' dir='ltr'>causam</span> <span class='ocrx_word' id='word_1_79' title='bbox 680 1628 724 1692; x_wconf 87' lang='lat' dir='ltr'>ad</span> <span class='ocrx_word' id='word_1_80' title='bbox 739 1629 855 1694; x_wconf 88' lang='lat' dir='ltr'>librum</span> <span class='ocrx_word' id='word_1_81' title='bbox 872 1629 985 1702; x_wconf 81' lang='lat' dir='ltr'><strong>v1‚743</strong></span> <span class='ocrx_word' id='word_1_82' title='bbox 1002 1649 1187 1713; x_wconf 81' lang='lat' dir='ltr'>exponam,</span> <span class='ocrx_word' id='word_1_83' title='bbox 1208 1629 1315 1714; x_wconf 67' lang='lat' dir='ltr'>sapio</span> <span class='ocrx_word' id='word_1_84' title='bbox 1328 1631 1378 1692; x_wconf 75' lang='lat' dir='ltr'>ia·</span> 
     </span>
     <span class='ocr_line' id='line_1_13' title="bbox 262 1721 1378 1814; baseline -0.004 -19"><span class='ocrx_word' id='word_1_85' title='bbox 262 1731 336 1795; x_wconf 81' lang='lat' dir='ltr'>ciete</span> <span class='ocrx_word' id='word_1_86' title='bbox 356 1728 530 1814; x_wconf 85' lang='lat' dir='ltr'>scripsisse</span> <span class='ocrx_word' id='word_1_87' title='bbox 546 1725 663 1791; x_wconf 90' lang='lat' dir='ltr'>Cicero</span> <span class='ocrx_word' id='word_1_88' title='bbox 685 1733 831 1792; x_wconf 86' lang='lat' dir='ltr'>testatur</span> <span class='ocrx_word' id='word_1_89' title='bbox 849 1727 883 1790; x_wconf 90' lang='lat' dir='ltr'>in</span> <span class='ocrx_word' id='word_1_90' title='bbox 900 1724 1051 1791; x_wconf 85' lang='lat' dir='ltr'>Oratore</span> <span class='ocrx_word' id='word_1_91' title='bbox 1063 1721 1141 1790; x_wconf 87' lang='lat'>152.</span> <span class='ocrx_word' id='word_1_92' title='bbox 1164 1727 1258 1813; x_wconf 90' lang='lat' dir='ltr'>quod</span> <span class='ocrx_word' id='word_1_93' title='bbox 1275 1728 1318 1792; x_wconf 90' lang='lat' dir='ltr'>ab</span> <span class='ocrx_word' id='word_1_94' title='bbox 1337 1749 1378 1791; x_wconf 88' lang='lat' dir='ltr'>co</span> 
     </span>
     <span class='ocr_line' id='line_1_14' title="bbox 262 1823 1377 1914; baseline -0.004 -21"><span class='ocrx_word' id='word_1_95' title='bbox 262 1831 297 1893; x_wconf 94' lang='lat' dir='ltr'>in</span> <span class='ocrx_word' id='word_1_96' title='bbox 314 1825 511 1914; x_wconf 92' lang='lat' dir='ltr'>prohoemio</span> <span class='ocrx_word' id='word_1_97' title='bbox 527 1825 692 1890; x_wconf 87' lang='lat' dir='ltr'>annalium</span> <span class='ocrx_word' id='word_1_98' title='bbox 707 1826 854 1910; x_wconf 93' lang='lat' dir='ltr'>positum</span> <span class='ocrx_word' id='word_1_99' title='bbox 868 1823 972 1888; x_wconf 83' lang='lat' dir='ltr'>fuisse</span> <span class='ocrx_word' id='word_1_100' title='bbox 987 1825 1157 1909; x_wconf 90' lang='lat' dir='ltr'>suspicor,</span> <span class='ocrx_word' id='word_1_101' title='bbox 1171 1825 1274 1911; x_wconf 90' lang='lat' dir='ltr'>paulo</span> <span class='ocrx_word' id='word_1_102' title='bbox 1297 1838 1377 1889; x_wconf 85' lang='lat' dir='ltr'>ante</span> 
     </span>
     <span class='ocr_line' id='line_1_15' title="bbox 262 1921 1378 2011; baseline -0.006 -18"><span class='ocrx_word' id='word_1_103' title='bbox 262 1926 327 1993; x_wconf 92' lang='lat' dir='ltr'>hos</span> <span class='ocrx_word' id='word_1_104' title='bbox 342 1947 480 2000; x_wconf 89' lang='lat' dir='ltr'>versus,</span> <span class='ocrx_word' id='word_1_105' title='bbox 496 1924 552 2011; x_wconf 89' lang='lat' dir='ltr'>qui</span> <span class='ocrx_word' id='word_1_106' title='bbox 567 1922 659 2008; x_wconf 89' lang='lat' dir='ltr'>apud</span> <span class='ocrx_word' id='word_1_107' title='bbox 674 1921 881 1987; x_wconf 83' lang='lat' dir='ltr'>Trebellium</span> <span class='ocrx_word' id='word_1_108' title='bbox 892 1921 1078 1987; x_wconf 86' lang='lat' dir='ltr'>Pollionem</span> <span class='ocrx_word' id='word_1_109' title='bbox 1098 1924 1132 1986; x_wconf 92' lang='lat' dir='ltr'>in</span> <span class='ocrx_word' id='word_1_110' title='bbox 1148 1921 1290 1988; x_wconf 87' lang='lat' dir='ltr'>Claudio</span> <span class='ocrx_word' id='word_1_111' title='bbox 1306 1943 1378 1987; x_wconf 88' lang='lat' dir='ltr'>non</span> 
     </span>
     <span class='ocr_line' id='line_1_16' title="bbox 262 2021 1489 2107; baseline -0.005 -16"><span class='ocrx_word' id='word_1_112' title='bbox 262 2025 346 2092; x_wconf 87' lang='lat' dir='ltr'>satis</span> <span class='ocrx_word' id='word_1_113' title='bbox 366 2021 542 2090; x_wconf 85' lang='lat' dir='ltr'>emendata</span> <span class='ocrx_word' id='word_1_114' title='bbox 563 2022 678 2107; x_wconf 89' lang='lat' dir='ltr'>scripti</span> <span class='ocrx_word' id='word_1_115' title='bbox 700 2028 837 2096; x_wconf 86' lang='lat' dir='ltr'>extant,</span> <span class='ocrx_word' id='word_1_116' title='bbox 862 2021 963 2101; x_wconf 72' lang='grc' dir='ltr'>Ωιιαηι</span> <span class='ocrx_word' id='word_1_117' title='bbox 984 2033 1099 2086; x_wconf 82' lang='lat' dir='ltr'>tautam</span> <span class='ocrx_word' id='word_1_118' title='bbox 1117 2032 1248 2087; x_wconf 85' lang='lat' dir='ltr'>statuam</span> <span class='ocrx_word' id='word_1_119' title='bbox 1268 2033 1380 2086; x_wconf 71' lang='lat' dir='ltr'>smeret</span> <span class='ocrx_word' id='word_1_120' title='bbox 1488 2085 1489 2102; x_wconf 16' lang='grc' dir='ltr'>ἶ</span> 
     </span>
     <span class='ocr_line' id='line_1_17' title="bbox 255 2120 1377 2211; baseline -0.004 -22"><span class='ocrx_word' id='word_1_121' title='bbox 255 2123 390 2211; x_wconf 84' lang='lat' dir='ltr'>populus</span> <span class='ocrx_word' id='word_1_122' title='bbox 405 2123 582 2196; x_wconf 72' lang='lat' dir='ltr'>limnaeus,</span> <span class='ocrx_word' id='word_1_123' title='bbox 603 2120 737 2199; x_wconf 79' lang='lat' dir='ltr'>thmce</span> <span class='ocrx_word' id='word_1_124' title='bbox 751 2121 944 2199; x_wconf 76' lang='lat' dir='ltr'>colummem,</span> <span class='ocrx_word' id='word_1_125' title='bbox 963 2143 1043 2206; x_wconf 80' lang='lat' dir='ltr'>quae</span> <span class='ocrx_word' id='word_1_126' title='bbox 1056 2131 1083 2184; x_wconf 90' lang='lat' dir='ltr'>te</span> <span class='ocrx_word' id='word_1_127' title='bbox 1096 2145 1145 2184; x_wconf 80' lang='lat' dir='ltr'>rer</span> <span class='ocrx_word' id='word_1_128' title='bbox 1156 2133 1315 2207; x_wconf 72' lang='lat' dir='ltr'>pestesque</span> <span class='ocrx_word' id='word_1_129' title='bbox 1330 2123 1377 2184; x_wconf 84' lang='lat' dir='ltr'>Io-</span> 
     </span>
     <span class='ocr_line' id='line_1_18' title="bbox 260 2219 1376 2310; baseline -0.003 -24"><span class='ocrx_word' id='word_1_130' title='bbox 260 2219 396 2310; x_wconf 74' lang='lat' dir='ltr'>qrmturi</span> <span class='ocrx_word' id='word_1_131' title='bbox 417 2219 578 2284; x_wconf 90' lang='lat' dir='ltr'>Lucilium</span> <span class='ocrx_word' id='word_1_132' title='bbox 601 2226 693 2283; x_wconf 90' lang='lat' dir='ltr'>corto</span> <span class='ocrx_word' id='word_1_133' title='bbox 709 2219 873 2305; x_wconf 73' lang='lat' dir='ltr'>Scipiadas</span> <span class='ocrx_word' id='word_1_134' title='bbox 893 2239 974 2282; x_wconf 88' lang='lat' dir='ltr'>casu</span> <span class='ocrx_word' id='word_1_135' title='bbox 988 2227 1083 2283; x_wconf 86' lang='lat' dir='ltr'>recto</span> <span class='ocrx_word' id='word_1_136' title='bbox 1100 2219 1224 2283; x_wconf 84' lang='lat' dir='ltr'>dixisse</span> <span class='ocrx_word' id='word_1_137' title='bbox 1239 2219 1376 2284; x_wconf 85' lang='lat' dir='ltr'>invenio</span> 
     </span>
     <span class='ocr_line' id='line_1_19' title="bbox 260 2316 1472 2403; baseline -0.002 -18"><span class='ocrx_word' id='word_1_138' title='bbox 260 2322 295 2386; x_wconf 92' lang='lat' dir='ltr'>in</span> <span class='ocrx_word' id='word_1_139' title='bbox 315 2319 369 2384; x_wconf 91' lang='lat' dir='ltr'>his</span> <span class='ocrx_word' id='word_1_140' title='bbox 389 2319 562 2394; x_wconf 87' lang='lat' dir='ltr'>versibus,</span> <span class='ocrx_word' id='word_1_141' title='bbox 585 2317 642 2402; x_wconf 93' lang='lat' dir='ltr'>qui</span> <span class='ocrx_word' id='word_1_142' title='bbox 665 2316 757 2402; x_wconf 87' lang='lat' dir='ltr'>apud</span> <span class='ocrx_word' id='word_1_143' title='bbox 777 2316 913 2382; x_wconf 80' lang='lat' dir='ltr'>Festum</span> <span class='ocrx_word' id='word_1_144' title='bbox 934 2317 1092 2402; x_wconf 87' lang='lat' dir='ltr'>leguntur</span> <span class='ocrx_word' id='word_1_145' title='bbox 1113 2340 1144 2403; x_wconf 91' lang='lat' dir='ltr'>p.</span> <span class='ocrx_word' id='word_1_146' title='bbox 1158 2317 1230 2388; x_wconf 84' lang='grc'><strong>294,</strong></span> <span class='ocrx_word' id='word_1_147' title='bbox 1241 2317 1282 2380; x_wconf 86' lang='grc'>27</span> <span class='ocrx_word' id='word_1_148' title='bbox 1305 2327 1376 2382; x_wconf 86' lang='lat' dir='ltr'>tam</span> <span class='ocrx_word' id='word_1_149' title='bbox 1468 2321 1472 2331; x_wconf 87' lang='grc'><strong>’</strong></span> 
     </span>
     <span class='ocr_line' id='line_1_20' title="bbox 260 2413 1376 2499; baseline -0.004 -16"><span class='ocrx_word' id='word_1_150' title='bbox 260 2416 362 2484; x_wconf 83' lang='lat' dir='ltr'>foede</span> <span class='ocrx_word' id='word_1_151' title='bbox 376 2415 528 2499; x_wconf 79' lang='lat' dir='ltr'>corrupti</span> <span class='ocrx_word' id='word_1_152' title='bbox 543 2425 581 2479; x_wconf 87' lang='lat' dir='ltr'>ut</span> <span class='ocrx_word' id='word_1_153' title='bbox 596 2414 639 2478; x_wconf 89' lang='lat' dir='ltr'>de</span> <span class='ocrx_word' id='word_1_154' title='bbox 653 2416 765 2479; x_wconf 88' lang='lat' dir='ltr'>verbis</span> <span class='ocrx_word' id='word_1_155' title='bbox 781 2413 1029 2499; x_wconf 86' lang='lat' dir='ltr'>desperandum</span> <span class='ocrx_word' id='word_1_156' title='bbox 1044 2415 1105 2479; x_wconf 90' lang='lat' dir='ltr'>sit:</span> <span class='ocrx_word' id='word_1_157' title='bbox 1122 2415 1323 2480; x_wconf 88' lang='lat' dir='ltr'>senteutiam</span> <span class='ocrx_word' id='word_1_158' title='bbox 1340 2425 1376 2480; x_wconf 88' lang='lat' dir='ltr'>ct</span> 
     </span>
     <span class='ocr_line' id='line_1_21' title="bbox 262 2512 1376 2581; baseline 0 0"><span class='ocrx_word' id='word_1_159' title='bbox 262 2515 425 2581; x_wconf 80' lang='lat' dir='ltr'>orationis</span> <span class='ocrx_word' id='word_1_160' title='bbox 436 2512 577 2576; x_wconf 85' lang='lat' dir='ltr'>foimam</span> <span class='ocrx_word' id='word_1_161' title='bbox 591 2513 670 2577; x_wconf 90' lang='lat' dir='ltr'>mihi</span> <span class='ocrx_word' id='word_1_162' title='bbox 685 2522 778 2578; x_wconf 88' lang='lat' dir='ltr'>recte</span> <span class='ocrx_word' id='word_1_163' title='bbox 792 2515 921 2578; x_wconf 88' lang='lat' dir='ltr'>&#39;eruisse</span> <span class='ocrx_word' id='word_1_164' title='bbox 932 2513 1068 2578; x_wconf 87' lang='lat' dir='ltr'>videor.</span> <span class='ocrx_word' id='word_1_165' title='bbox 1092 2515 1241 2579; x_wconf 79' lang='lat' dir='ltr'>Comeliu’</span> <span class='ocrx_word' id='word_1_166' title='bbox 1253 2515 1376 2580; x_wconf 68' lang='lat' dir='ltr'>mma·</span> 
     </span>
     <span class='ocr_line' id='line_1_22' title="bbox 259 2611 1376 2700; baseline 0.001 -23"><span class='ocrx_word' id='word_1_167' title='bbox 259 2625 360 2677; x_wconf 79' lang='lat' dir='ltr'>noster</span> <span class='ocrx_word' id='word_1_168' title='bbox 370 2611 550 2696; x_wconf 79' lang='lat' dir='ltr'>Scipiadas,</span> <span class='ocrx_word' id='word_1_169' title='bbox 565 2612 646 2674; x_wconf 80' lang='lat' dir='ltr'>dicta</span> <span class='ocrx_word' id='word_1_170' title='bbox 657 2612 771 2698; x_wconf 83' lang='lat' dir='ltr'>Apulu’</span> <span class='ocrx_word' id='word_1_171' title='bbox 785 2613 858 2676; x_wconf 89' lang='lat' dir='ltr'>dum</span> <span class='ocrx_word' id='word_1_172' title='bbox 871 2637 965 2700; x_wconf 80' lang='lat' dir='ltr'>usque</span> <span class='ocrx_word' id='word_1_173' title='bbox 978 2615 1129 2700; x_wconf 71' lang='lat' dir='ltr'>intorquet</span> <span class='ocrx_word' id='word_1_174' title='bbox 1140 2614 1173 2676; x_wconf 80' lang='lat' dir='ltr'>iu</span> <span class='ocrx_word' id='word_1_175' title='bbox 1185 2615 1304 2698; x_wconf 78' lang='lat' dir='ltr'>ipsum,</span> <span class='ocrx_word' id='word_1_176' title='bbox 1321 2615 1376 2681; x_wconf 85' lang='lat' dir='ltr'>Ou&#39;</span> 
     </span>
    </p>

    <p class='ocr_par' dir='ltr' id='par_1_5' title="bbox 259 2708 1374 2802">
     <span class='ocr_line' id='line_1_23' title="bbox 259 2708 1374 2802; baseline 0.001 -26"><span class='ocrx_word' id='word_1_177' title='bbox 259 2735 280 2776; x_wconf 85' lang='lat' dir='ltr'>a</span> <span class='ocrx_word' id='word_1_178' title='bbox 301 2709 436 2787; x_wconf 80' lang='lat' dir='ltr'>deliciis,</span> <span class='ocrx_word' id='word_1_179' title='bbox 456 2708 555 2787; x_wconf 75' lang='lat' dir='ltr'>Luci,</span> <span class='ocrx_word' id='word_1_180' title='bbox 576 2709 661 2798; x_wconf 81' lang='lat' dir='ltr'>effeto</span> <span class='ocrx_word' id='word_1_181' title='bbox 681 2721 771 2802; x_wconf 85' lang='lat' dir='ltr'>etque</span> <span class='ocrx_word' id='word_1_182' title='bbox 791 2711 918 2775; x_wconf 83' lang='lat' dir='ltr'>cinaedo</span> <span class='ocrx_word' id='word_1_183' title='bbox 938 2723 966 2775; x_wconf 83' lang='lat' dir='ltr'>et</span> <span class='ocrx_word' id='word_1_184' title='bbox 979 2711 1128 2776; x_wconf 70' lang='lat' dir='ltr'>sectatori</span> <span class='ocrx_word' id='word_1_185' title='bbox 1147 2712 1222 2775; x_wconf 82' lang='lat' dir='ltr'>adeo</span> <span class='ocrx_word' id='word_1_186' title='bbox 1240 2714 1306 2797; x_wconf 75' lang='lat' dir='ltr'>epse</span> <span class='ocrx_word' id='word_1_187' title='bbox 1320 2723 1374 2777; x_wconf 88' lang='lat' dir='ltr'>tuo</span> 
     </span>
    </p>

    <p class='ocr_par' dir='ltr' id='par_1_6' title="bbox 258 2805 1486 3190">
     <span class='ocr_line' id='line_1_24' title="bbox 259 2805 1373 2898; baseline 0.004 -26"><span class='ocrx_word' id='word_1_188' title='bbox 259 2832 339 2897; x_wconf 86' lang='lat' dir='ltr'>quae</span> <span class='ocrx_word' id='word_1_189' title='bbox 352 2809 455 2872; x_wconf 81' lang='lat' dir='ltr'>reetiu’</span> <span class='ocrx_word' id='word_1_190' title='bbox 469 2808 572 2888; x_wconf 79' lang='lat' dir='ltr'>dicas,</span> <span class='ocrx_word' id='word_1_191' title='bbox 595 2806 752 2895; x_wconf 79' lang='lat' dir='ltr'>lbatforte</span> <span class='ocrx_word' id='word_1_192' title='bbox 766 2809 888 2873; x_wconf 70' lang='lat' dir='ltr'>domm</span> <span class='ocrx_word' id='word_1_193' title='bbox 898 2836 909 2873; x_wconf 91' lang='lat'>.·</span> <span class='ocrx_word' id='word_1_194' title='bbox 929 2813 1084 2897; x_wconf 84' lang='lat' dir='ltr'>sequimur</span> <span class='ocrx_word' id='word_1_195' title='bbox 1096 2811 1184 2874; x_wconf 81' lang='lat' dir='ltr'>mrelta&#39;</span> <span class='ocrx_word' id='word_1_196' title='bbox 1198 2805 1289 2897; x_wconf 78' lang='lat' dir='ltr'>atque</span> <span class='ocrx_word' id='word_1_197' title='bbox 1300 2812 1373 2898; x_wconf 85' lang='lat' dir='ltr'>fre—</span> 
     </span>
     <span class='ocr_line' id='line_1_25' title="bbox 259 2903 1486 2996; baseline 0.002 -25"><span class='ocrx_word' id='word_1_198' title='bbox 259 2917 399 2996; x_wconf 75' lang='lat' dir='ltr'>quentes.</span> <span class='ocrx_word' id='word_1_199' title='bbox 422 2905 465 2970; x_wconf 89' lang='lat' dir='ltr'>de</span> <span class='ocrx_word' id='word_1_200' title='bbox 485 2907 589 2992; x_wconf 83' lang='lat' dir='ltr'>Apulo</span> <span class='ocrx_word' id='word_1_201' title='bbox 609 2907 642 2969; x_wconf 91' lang='lat' dir='ltr'>in</span> <span class='ocrx_word' id='word_1_202' title='bbox 661 2905 715 2971; x_wconf 91' lang='lat' dir='ltr'>his</span> <span class='ocrx_word' id='word_1_203' title='bbox 730 2907 885 2976; x_wconf 85' lang='lat' dir='ltr'>versibus</span> <span class='ocrx_word' id='word_1_204' title='bbox 905 2906 987 2970; x_wconf 91' lang='lat' dir='ltr'>nihil</span> <span class='ocrx_word' id='word_1_205' title='bbox 1009 2905 1157 2971; x_wconf 89' lang='lat' dir='ltr'>affirmo:</span> <span class='ocrx_word' id='word_1_206' title='bbox 1178 2906 1289 2972; x_wconf 90' lang='lat' dir='ltr'>sedin</span> <span class='ocrx_word' id='word_1_207' title='bbox 1304 2909 1373 2974; x_wconf 90' lang='lat' dir='ltr'>alio</span> <span class='ocrx_word' id='word_1_208' title='bbox 1485 2903 1486 2910; x_wconf 53' lang='lat'><em>&#39;</em></span> 
     </span>
     <span class='ocr_line' id='line_1_26' title="bbox 258 3003 1373 3091; baseline 0.002 -21"><span class='ocrx_word' id='word_1_209' title='bbox 258 3003 376 3071; x_wconf 87' lang='lat' dir='ltr'>Lucilii</span> <span class='ocrx_word' id='word_1_210' title='bbox 390 3026 510 3080; x_wconf 86' lang='lat' dir='ltr'>versu,</span> <span class='ocrx_word' id='word_1_211' title='bbox 534 3005 590 3091; x_wconf 92' lang='lat' dir='ltr'>qui</span> <span class='ocrx_word' id='word_1_212' title='bbox 611 3015 664 3070; x_wconf 88' lang='lat' dir='ltr'>est</span> <span class='ocrx_word' id='word_1_213' title='bbox 684 3004 777 3090; x_wconf 87' lang='lat' dir='ltr'>apud</span> <span class='ocrx_word' id='word_1_214' title='bbox 791 3005 998 3070; x_wconf 88' lang='lat' dir='ltr'>Priscianum</span> <span class='ocrx_word' id='word_1_215' title='bbox 1014 3027 1047 3091; x_wconf 93' lang='lat' dir='ltr'>p.</span> <span class='ocrx_word' id='word_1_216' title='bbox 1058 3003 1139 3080; x_wconf 89' lang='grc'><strong>902,</strong></span> <span class='ocrx_word' id='word_1_217' title='bbox 1160 3004 1228 3070; x_wconf 93' lang='lat' dir='ltr'>hoc</span> <span class='ocrx_word' id='word_1_218' title='bbox 1249 3028 1373 3072; x_wconf 89' lang='lat' dir='ltr'>nomen</span> 
     </span>
     <span class='ocr_line' id='line_1_27' title="bbox 259 3103 1371 3190; baseline 0.003 -22"><span class='ocrx_word' id='word_1_219' title='bbox 259 3103 384 3170; x_wconf 87' lang='lat' dir='ltr'>librarii</span> <span class='ocrx_word' id='word_1_220' title='bbox 397 3105 530 3190; x_wconf 90' lang='lat' dir='ltr'>penitus</span> <span class='ocrx_word' id='word_1_221' title='bbox 542 3103 740 3170; x_wconf 84' lang='lat' dir='ltr'>oblitterare</span> <span class='ocrx_word' id='word_1_222' title='bbox 750 3125 818 3168; x_wconf 91' lang='lat' dir='ltr'>non</span> <span class='ocrx_word' id='word_1_223' title='bbox 833 3112 1018 3190; x_wconf 87' lang='lat' dir='ltr'>potuerunt</span> <span class='ocrx_word' id='word_1_224' title='bbox 1025 3154 1034 3184; x_wconf 95' lang='lat'>,</span> <span class='ocrx_word' id='word_1_225' title='bbox 1050 3105 1137 3169; x_wconf 85' lang='lat' dir='ltr'>Num</span> <span class='ocrx_word' id='word_1_226' title='bbox 1151 3115 1232 3169; x_wconf 74' lang='lat' dir='ltr'>aetem</span> <span class='ocrx_word' id='word_1_227' title='bbox 1245 3107 1298 3170; x_wconf 77' lang='lat' dir='ltr'>ille</span> <span class='ocrx_word' id='word_1_228' title='bbox 1311 3107 1371 3171; x_wconf 78' lang='lat' dir='ltr'>ca-</span> 
     </span>
    </p>

    <p class='ocr_par' dir='ltr' id='par_1_7' title="bbox 258 3203 1372 3291">
     <span class='ocr_line' id='line_1_28' title="bbox 258 3203 1372 3291; baseline 0.003 -26"><span class='ocrx_word' id='word_1_229' title='bbox 258 3204 326 3266; x_wconf 77' lang='lat' dir='ltr'>tom&#39;</span> <span class='ocrx_word' id='word_1_230' title='bbox 346 3203 497 3266; x_wconf 60' lang='lat' dir='ltr'>measure</span> <span class='ocrx_word' id='word_1_231' title='bbox 518 3203 639 3286; x_wconf 76' lang='lat' dir='ltr'>Aprdus</span> <span class='ocrx_word' id='word_1_232' title='bbox 660 3203 741 3266; x_wconf 79' lang='lat' dir='ltr'>iram</span> <span class='ocrx_word' id='word_1_233' title='bbox 761 3203 896 3267; x_wconf 76' lang='lat' dir='ltr'>Corueiu&#39;</span> <span class='ocrx_word' id='word_1_234' title='bbox 916 3226 976 3265; x_wconf 81' lang='lat' dir='ltr'>uua</span> <span class='ocrx_word' id='word_1_235' title='bbox 998 3215 1066 3266; x_wconf 83' lang='lat' dir='ltr'>erut</span> <span class='ocrx_word' id='word_1_236' title='bbox 1083 3204 1147 3289; x_wconf 77' lang='lat' dir='ltr'>ipse</span> <span class='ocrx_word' id='word_1_237' title='bbox 1165 3203 1246 3267; x_wconf 74' lang='lat' dir='ltr'>sibit</span> <span class='ocrx_word' id='word_1_238' title='bbox 1273 3207 1372 3291; x_wconf 75' lang='lat' dir='ltr'>Aput·</span> 
     </span>
    </p>

    <p class='ocr_par' dir='ltr' id='par_1_8' title="bbox 256 3298 1371 3583">
     <span class='ocr_line' id='line_1_29' title="bbox 257 3298 1371 3387; baseline 0.003 -22"><span class='ocrx_word' id='word_1_239' title='bbox 257 3308 337 3365; x_wconf 86' lang='lat' dir='ltr'>sunt</span> <span class='ocrx_word' id='word_1_240' title='bbox 357 3298 435 3362; x_wconf 93' lang='lat' dir='ltr'>huic</span> <span class='ocrx_word' id='word_1_241' title='bbox 453 3319 518 3383; x_wconf 89' lang='lat' dir='ltr'>pro</span> <span class='ocrx_word' id='word_1_242' title='bbox 539 3300 738 3383; x_wconf 88' lang='lat' dir='ltr'>importunis</span> <span class='ocrx_word' id='word_1_243' title='bbox 761 3321 801 3364; x_wconf 91' lang='lat' dir='ltr'>ac</span> <span class='ocrx_word' id='word_1_244' title='bbox 821 3301 1070 3385; x_wconf 87' lang='lat' dir='ltr'>petulantibus,</span> <span class='ocrx_word' id='word_1_245' title='bbox 1091 3309 1129 3365; x_wconf 90' lang='lat' dir='ltr'>ut</span> <span class='ocrx_word' id='word_1_246' title='bbox 1143 3301 1287 3366; x_wconf 90' lang='lat' dir='ltr'>Horatio</span> <span class='ocrx_word' id='word_1_247' title='bbox 1305 3325 1371 3387; x_wconf 93' lang='lat' dir='ltr'>pro</span> 
     </span>
     <span class='ocr_line' id='line_1_30' title="bbox 257 3395 1370 3486; baseline 0.004 -26"><span class='ocrx_word' id='word_1_248' title='bbox 257 3395 406 3481; x_wconf 85' lang='lat' dir='ltr'>simplice</span> <span class='ocrx_word' id='word_1_249' title='bbox 421 3395 561 3460; x_wconf 72' lang='lat' dir='ltr'>Sabellam</span> <span class='ocrx_word' id='word_1_250' title='bbox 570 3444 580 3474; x_wconf 93' lang='lat'>,</span> <span class='ocrx_word' id='word_1_251' title='bbox 603 3417 678 3460; x_wconf 88' lang='lat' dir='ltr'>cum</span> <span class='ocrx_word' id='word_1_252' title='bbox 700 3397 782 3462; x_wconf 92' lang='lat' dir='ltr'>dicit</span> <span class='ocrx_word' id='word_1_253' title='bbox 801 3401 900 3463; x_wconf 78' lang='lat' dir='ltr'>renuit</span> <span class='ocrx_word' id='word_1_254' title='bbox 913 3400 1081 3486; x_wconf 73' lang='lat' dir='ltr'>repleatque</span> <span class='ocrx_word' id='word_1_255' title='bbox 1096 3399 1252 3465; x_wconf 80' lang='lat' dir='ltr'>Sabellus.</span> <span class='ocrx_word' id='word_1_256' title='bbox 1268 3421 1370 3464; x_wconf 84' lang='lat' dir='ltr'>verso</span> 
     </span>
     <span class='ocr_line' id='line_1_31' title="bbox 256 3492 1371 3583; baseline 0.004 -25"><span class='ocrx_word' id='word_1_257' title='bbox 256 3493 410 3578; x_wconf 88' lang='lat' dir='ltr'>proximo</span> <span class='ocrx_word' id='word_1_258' title='bbox 425 3492 571 3557; x_wconf 87' lang='lat' dir='ltr'>Lucretii</span> <span class='ocrx_word' id='word_1_259' title='bbox 588 3515 629 3557; x_wconf 91' lang='lat' dir='ltr'>an</span> <span class='ocrx_word' id='word_1_260' title='bbox 644 3493 742 3560; x_wconf 87' lang='lat' dir='ltr'>Ennii</span> <span class='ocrx_word' id='word_1_261' title='bbox 757 3497 885 3562; x_wconf 87' lang='lat' dir='ltr'>Marius</span> <span class='ocrx_word' id='word_1_262' title='bbox 896 3496 1090 3561; x_wconf 90' lang='lat' dir='ltr'>Victorinus</span> <span class='ocrx_word' id='word_1_263' title='bbox 1105 3498 1210 3561; x_wconf 91' lang='lat' dir='ltr'>utitur</span> <span class='ocrx_word' id='word_1_264' title='bbox 1225 3519 1257 3583; x_wconf 92' lang='lat' dir='ltr'>p.</span> <span class='ocrx_word' id='word_1_265' title='bbox 1269 3497 1371 3572; x_wconf 84' lang='grc'><strong>2499,</strong></span> 
     </span>
    </p>

    <p class='ocr_par' dir='ltr' id='par_1_9' title="bbox 256 3591 1088 3685">
     <span class='ocr_line' id='line_1_32' title="bbox 256 3591 1088 3685; baseline 0.004 -30"><span class='ocrx_word' id='word_1_266' title='bbox 256 3593 321 3668; x_wconf 87' lang='lat' dir='ltr'>ita,</span> <span class='ocrx_word' id='word_1_267' title='bbox 336 3615 374 3656; x_wconf 86' lang='lat' dir='ltr'>ac</span> <span class='ocrx_word' id='word_1_268' title='bbox 388 3591 600 3676; x_wconf 87' lang='lat' dir='ltr'>(Parisiensis</span> <span class='ocrx_word' id='word_1_269' title='bbox 615 3593 698 3660; x_wconf 92' lang='lat' dir='ltr'>liber</span> <span class='ocrx_word' id='word_1_270' title='bbox 713 3595 745 3680; x_wconf 86' lang='lat' dir='ltr'>a)</span> <span class='ocrx_word' id='word_1_271' title='bbox 751 3596 861 3683; x_wconf 74' lang='lat' dir='ltr'>famul</span> <span class='ocrx_word' id='word_1_272' title='bbox 872 3597 995 3685; x_wconf 71' lang='lat' dir='ltr'>ursimus</span> <span class='ocrx_word' id='word_1_273' title='bbox 1009 3607 1088 3659; x_wconf 83' lang='lat' dir='ltr'>esset.</span> 
     </span>
    </p>

    <p class='ocr_par' dir='ltr' id='par_1_10' title="bbox 342 3689 1369 3766">
     <span class='ocr_line' id='line_1_33' title="bbox 342 3689 1369 3766; baseline 0.003 -11"><span class='ocrx_word' id='word_1_274' title='bbox 342 3689 432 3755; x_wconf 80' lang='lat'><strong>1037:</strong></span> <span class='ocrx_word' id='word_1_275' title='bbox 460 3711 623 3766; x_wconf 83' lang='lat' dir='ltr'>Quonuu</span> <span class='ocrx_word' id='word_1_276' title='bbox 649 3715 751 3757; x_wconf 78' lang='lat' dir='ltr'>uuus</span> <span class='ocrx_word' id='word_1_277' title='bbox 777 3715 964 3758; x_wconf 77' lang='lat' dir='ltr'>nonanus</span> <span class='ocrx_word' id='word_1_278' title='bbox 987 3693 1176 3758; x_wconf 71' lang='lat' dir='ltr'>Scurrae</span> <span class='ocrx_word' id='word_1_279' title='bbox 1200 3714 1369 3758; x_wconf 70' lang='lat' dir='ltr'>Porrus.</span> 
     </span>
    </p>

    <p class='ocr_par' dir='ltr' id='par_1_11' title="bbox 125 3787 1371 4068">
     <span class='ocr_line' id='line_1_34' title="bbox 125 3787 1371 3877; baseline -0.001 -19"><span class='ocrx_word' id='word_1_280' title='bbox 125 3849 129 3858; x_wconf 92' lang='lat'>.</span> <span class='ocrx_word' id='word_1_281' title='bbox 255 3787 357 3874; x_wconf 83' lang='lat' dir='ltr'>Apud</span> <span class='ocrx_word' id='word_1_282' title='bbox 370 3787 515 3852; x_wconf 90' lang='lat' dir='ltr'>Nonium</span> <span class='ocrx_word' id='word_1_283' title='bbox 530 3810 562 3873; x_wconf 89' lang='lat' dir='ltr'>p.</span> <span class='ocrx_word' id='word_1_284' title='bbox 573 3790 644 3866; x_wconf 85' lang='grc'><strong>481,</strong></span> <span class='ocrx_word' id='word_1_285' title='bbox 653 3790 693 3854; x_wconf 86' lang='grc'>27</span> <span class='ocrx_word' id='word_1_286' title='bbox 706 3791 855 3876; x_wconf 78' lang='lat' dir='ltr'>Erreptra</span> <span class='ocrx_word' id='word_1_287' title='bbox 864 3791 996 3877; x_wconf 77' lang='lat' dir='ltr'>potitur.</span> <span class='ocrx_word' id='word_1_288' title='bbox 1012 3812 1185 3854; x_wconf 82' lang='lat' dir='ltr'>rorrrus</span> <span class='ocrx_word' id='word_1_289' title='bbox 1200 3791 1371 3856; x_wconf 86' lang='lat' dir='ltr'>Antonius</span> 
     </span>
     <span class='ocr_line' id='line_1_35' title="bbox 255 3885 1367 3974; baseline 0.004 -25"><span class='ocrx_word' id='word_1_290' title='bbox 255 3885 353 3950; x_wconf 87' lang='lat' dir='ltr'>Marii</span> <span class='ocrx_word' id='word_1_291' title='bbox 376 3895 410 3950; x_wconf 91' lang='lat' dir='ltr'>et</span> <span class='ocrx_word' id='word_1_292' title='bbox 428 3885 613 3952; x_wconf 87' lang='lat' dir='ltr'>Brixiensis</span> <span class='ocrx_word' id='word_1_293' title='bbox 635 3887 758 3952; x_wconf 87' lang='lat' dir='ltr'>editi0.</span> <span class='ocrx_word' id='word_1_294' title='bbox 780 3888 873 3974; x_wconf 87' lang='lat' dir='ltr'>quod</span> <span class='ocrx_word' id='word_1_295' title='bbox 892 3888 994 3974; x_wconf 89' lang='lat' dir='ltr'>paulo</span> <span class='ocrx_word' id='word_1_296' title='bbox 1014 3899 1096 3973; x_wconf 92' lang='lat' dir='ltr'>post</span> <span class='ocrx_word' id='word_1_297' title='bbox 1115 3889 1268 3973; x_wconf 90' lang='lat' dir='ltr'>sequitur</span> <span class='ocrx_word' id='word_1_298' title='bbox 1289 3889 1367 3954; x_wconf 91' lang='grc'><strong>1041</strong></span> 
     </span>
     <span class='ocr_line' id='line_1_36' title="bbox 255 3983 1318 4068; baseline 0.005 -21"><span class='ocrx_word' id='word_1_299' title='bbox 255 3983 368 4068; x_wconf 76' lang='lat' dir='ltr'>Sponte</span> <span class='ocrx_word' id='word_1_300' title='bbox 381 4007 438 4050; x_wconf 73' lang='lat' dir='ltr'>sesa</span> <span class='ocrx_word' id='word_1_301' title='bbox 453 3987 508 4050; x_wconf 82' lang='lat' dir='ltr'>le&#39;to</span> <span class='ocrx_word' id='word_1_302' title='bbox 522 3985 721 4052; x_wconf 85' lang='lat' dir='ltr'>Lactantius</span> <span class='ocrx_word' id='word_1_303' title='bbox 736 3985 840 4052; x_wconf 85' lang='lat' dir='ltr'>habet</span> <span class='ocrx_word' id='word_1_304' title='bbox 853 3988 886 4050; x_wconf 90' lang='lat' dir='ltr'>in</span> <span class='ocrx_word' id='word_1_305' title='bbox 903 4009 942 4050; x_wconf 89' lang='lat'>111</span> <span class='ocrx_word' id='word_1_306' title='bbox 956 3987 1203 4052; x_wconf 87' lang='lat' dir='ltr'>institutionum</span> <span class='ocrx_word' id='word_1_307' title='bbox 1223 3987 1318 4062; x_wconf 64' lang='lat' dir='ltr'>luo.</span> 
     </span>
    </p>

    <p class='ocr_par' dir='ltr' id='par_1_12' title="bbox 251 4081 1477 4562">
     <span class='ocr_line' id='line_1_37' title="bbox 341 4081 1370 4153; baseline 0.006 -8"><span class='ocrx_word' id='word_1_308' title='bbox 341 4081 428 4146; x_wconf 89' lang='grc'><strong>1042.</strong></span> <span class='ocrx_word' id='word_1_309' title='bbox 451 4083 543 4148; x_wconf 77' lang='lat' dir='ltr'>lesu</span> <span class='ocrx_word' id='word_1_310' title='bbox 568 4107 768 4152; x_wconf 80' lang='lat' dir='ltr'>nrrcuaus</span> <span class='ocrx_word' id='word_1_311' title='bbox 790 4107 903 4150; x_wconf 82' lang='lat' dir='ltr'>oerrr</span> <span class='ocrx_word' id='word_1_312' title='bbox 926 4107 1109 4150; x_wconf 78' lang='lat' dir='ltr'>recurso</span> <span class='ocrx_word' id='word_1_313' title='bbox 1132 4109 1288 4150; x_wconf 83' lang='lat' dir='ltr'>nuurur</span> <span class='ocrx_word' id='word_1_314' title='bbox 1306 4111 1370 4153; x_wconf 85' lang='lat' dir='ltr'>vr·</span> 
     </span>
     <span class='ocr_line' id='line_1_38' title="bbox 253 4182 1477 4268; baseline 0.007 -26"><span class='ocrx_word' id='word_1_315' title='bbox 253 4200 346 4244; x_wconf 83' lang='lat' dir='ltr'>rar.</span> <span class='ocrx_word' id='word_1_316' title='bbox 373 4182 541 4246; x_wconf 83' lang='lat' dir='ltr'>Antonius</span> <span class='ocrx_word' id='word_1_317' title='bbox 555 4182 655 4246; x_wconf 88' lang='lat' dir='ltr'>Marii</span> <span class='ocrx_word' id='word_1_318' title='bbox 671 4190 705 4247; x_wconf 90' lang='lat' dir='ltr'>et</span> <span class='ocrx_word' id='word_1_319' title='bbox 719 4183 883 4247; x_wconf 88' lang='lat' dir='ltr'>Marullus</span> <span class='ocrx_word' id='word_1_320' title='bbox 898 4185 974 4263; x_wconf 79' lang='lat' dir='ltr'>obit,</span> <span class='ocrx_word' id='word_1_321' title='bbox 989 4182 1083 4268; x_wconf 88' lang='lat' dir='ltr'>quod</span> <span class='ocrx_word' id='word_1_322' title='bbox 1098 4183 1202 4250; x_wconf 88' lang='lat' dir='ltr'>ceteri</span> <span class='ocrx_word' id='word_1_323' title='bbox 1217 4185 1290 4249; x_wconf 90' lang='lat' dir='ltr'>sine</span> <span class='ocrx_word' id='word_1_324' title='bbox 1307 4185 1370 4250; x_wconf 92' lang='lat' dir='ltr'>du·</span> <span class='ocrx_word' id='word_1_325' title='bbox 1476 4213 1477 4220; x_wconf 50' lang='lat'>¹</span> 
     </span>
     <span class='ocr_line' id='line_1_39' title="bbox 251 4277 1370 4368; baseline 0.004 -26"><span class='ocrx_word' id='word_1_326' title='bbox 251 4277 416 4342; x_wconf 84' lang='lat' dir='ltr'>bitatione</span> <span class='ocrx_word' id='word_1_327' title='bbox 432 4287 657 4362; x_wconf 87' lang='lat' dir='ltr'>acceperuut,</span> <span class='ocrx_word' id='word_1_328' title='bbox 680 4301 742 4368; x_wconf 85' lang='lat' dir='ltr'>ego</span> <span class='ocrx_word' id='word_1_329' title='bbox 757 4282 784 4344; x_wconf 92' lang='lat' dir='ltr'>si</span> <span class='ocrx_word' id='word_1_330' title='bbox 800 4281 920 4346; x_wconf 86' lang='lat' dir='ltr'>falsum</span> <span class='ocrx_word' id='word_1_331' title='bbox 936 4303 1010 4347; x_wconf 88' lang='lat' dir='ltr'>csse</span> <span class='ocrx_word' id='word_1_332' title='bbox 1026 4281 1163 4358; x_wconf 86' lang='lat' dir='ltr'>dixero,</span> <span class='ocrx_word' id='word_1_333' title='bbox 1183 4305 1253 4347; x_wconf 90' lang='lat' dir='ltr'>non</span> <span class='ocrx_word' id='word_1_334' title='bbox 1269 4283 1370 4348; x_wconf 86' lang='lat' dir='ltr'>facile</span> 
     </span>
     <span class='ocr_line' id='line_1_40' title="bbox 251 4375 1370 4467; baseline 0.007 -29"><span class='ocrx_word' id='word_1_335' title='bbox 251 4375 415 4439; x_wconf 87' lang='lat' dir='ltr'>inveniam</span> <span class='ocrx_word' id='word_1_336' title='bbox 437 4377 493 4460; x_wconf 90' lang='lat' dir='ltr'>qui</span> <span class='ocrx_word' id='word_1_337' title='bbox 515 4375 592 4440; x_wconf 89' lang='lat' dir='ltr'>mihi</span> <span class='ocrx_word' id='word_1_338' title='bbox 616 4379 752 4443; x_wconf 87' lang='lat' dir='ltr'>credat:</span> <span class='ocrx_word' id='word_1_339' title='bbox 773 4378 859 4443; x_wconf 85' lang='lat' dir='ltr'>adeo</span> <span class='ocrx_word' id='word_1_340' title='bbox 877 4381 1082 4466; x_wconf 83' lang='lat' dir='ltr'>grammatici</span> <span class='ocrx_word' id='word_1_341' title='bbox 1097 4382 1207 4445; x_wconf 89' lang='lat' dir='ltr'>nostri</span> <span class='ocrx_word' id='word_1_342' title='bbox 1223 4403 1264 4445; x_wconf 90' lang='lat' dir='ltr'>ea</span> <span class='ocrx_word' id='word_1_343' title='bbox 1279 4403 1370 4467; x_wconf 87' lang='lat' dir='ltr'>quac</span> 
     </span>
     <span class='ocr_line' id='line_1_41' title="bbox 252 4473 1369 4562; baseline 0.007 -26"><span class='ocrx_word' id='word_1_344' title='bbox 252 4473 360 4556; x_wconf 84' lang='lat' dir='ltr'>quivis</span> <span class='ocrx_word' id='word_1_345' title='bbox 380 4492 466 4556; x_wconf 91' lang='lat' dir='ltr'>puer</span> <span class='ocrx_word' id='word_1_346' title='bbox 484 4473 654 4540; x_wconf 87' lang='lat' dir='ltr'>Romanus</span> <span class='ocrx_word' id='word_1_347' title='bbox 675 4477 804 4542; x_wconf 86' lang='lat' dir='ltr'>sciebat</span> <span class='ocrx_word' id='word_1_348' title='bbox 825 4477 1026 4562; x_wconf 84' lang='lat' dir='ltr'>neglegunt,</span> <span class='ocrx_word' id='word_1_349' title='bbox 1050 4499 1111 4542; x_wconf 87' lang='lat' dir='ltr'>nos</span> <span class='ocrx_word' id='word_1_350' title='bbox 1133 4487 1244 4544; x_wconf 85' lang='lat' dir='ltr'>autem</span> <span class='ocrx_word' id='word_1_351' title='bbox 1268 4501 1369 4544; x_wconf 88' lang='lat' dir='ltr'>senes</span> 
     </span>
    </p>
   </div>
   <div class='ocr_carea' id='block_1_3' title="bbox 0 0 1500 5202">
    <p class='ocr_par' dir='ltr' id='par_1_13' title="bbox 0 0 1500 5202">
     <span class='ocr_line' id='line_1_42' title="bbox 0 0 1500 5202; baseline 0 4"><span class='ocrx_word' id='word_1_352' title='bbox 0 0 1500 5202; x_wconf 95' lang='lat' dir='ltr'> </span> 
     </span>
    </p>
   </div>
  </div>
 </body>
</html>
