2990 5202
634 467 683 534 IV
1144 473 1211 542 241

99 639 340 727 Berecyntium.
368 637 436 703 hoc
457 660 527 704 non
547 641 656 704 minus
684 640 834 727 ineptum
857 651 910 708 est
931 645 1032 729 (tuba
1054 647 1140 710 enim
1163 669 1214 711 re-

99 745 204 826 pente
219 737 257 801 lit
273 737 371 821 tibia)
386 757 486 822 quam
502 737 595 823 quod
611 737 761 803 Catullus
776 740 899 816 nx111‚9
914 753 1091 829 tpnnpouum
1105 743 1215 809 fertur

98 835 292 922 appellasse
313 835 416 898 tubam
434 835 577 922 Cybebes,
599 836 656 921 qui
672 838 809 923 scripsit
830 837 959 922 (neque
974 841 1060 904 enim
1074 841 1213 928 dubito)

101 937 131 999 Τ
123 956 265 1022 pponam
275 944 372 1006 mom,
392 932 503 1018 Cybebe
510 981 520 1012 ‚
534 944 604 1008 tua,
618 945 724 1014 rnatu,
738 936 843 998 initia.
857 936 923 1000 iam
934 959 1015 1001 vero
1031 939 1059 1003 si
1072 961 1212 1025 quaere·

95 1053 169 1096 mus
187 1030 271 1117 quid
291 1033 365 1095 cieri
386 1038 421 1093 et
436 1031 526 1094 citum
546 1031 672 1096 reboare
692 1033 822 1117 possit,
844 1035 1052 1100 inveniemus
1066 1036 1153 1102 haec
1168 1038 1212 1103 de

95 1132 170 1195 licia
185 1127 363 1194 commode
378 1119 446 1192 dici
459 1137 495 1192 et
509 1130 552 1194 ab
567 1131 722 1195 omnibus
737 1132 848 1218 poetis
865 1130 957 1196 dicta
972 1155 1062 1198 esse.
1077 1135 1127 1199 ita
1137 1137 1212 1222 ipse
1315 1125 1321 1148 ⁸

93 1227 278 1293 Lucretius
299 1228 367 1292 Nec
387 1226 525 1292 citharae
550 1228 675 1303 reboant
698 1229 841 1314 laqueato
869 1241 1039 1317 aurataque
1059 1243 1154 1313 tecto,
1177 1243 1211 1298 et

96 1327 184 1412 Erqo
200 1325 358 1410 repleatur
378 1325 447 1388 loca
460 1325 580 1388 cocibtu
596 1362 632 1374 -
648 1327 806 1412 sonituque
821 1328 954 1392 ciorum.
976 1329 1092 1414 itaque
1105 1333 1211 1402 mani-

94 1423 224 1488 festum
246 1429 299 1487 est
320 1443 395 1485 eum
415 1422 474 1488 hic
494 1424 673 1508 scripsisse
694 1425 739 1489 Et
758 1447 917 1489 annosa
939 1451 1069 1492 raucum
1086 1453 1210 1496 sacro

95 1523 155 1586 cita
169 1521 308 1586 barbaro
321 1520 478 1586 bombum.
501 1543 610 1608 nequo
625 1523 761 1586 borbore
779 1525 864 1609 rapio
877 1525 985 1590 minus
1006 1528 1144 1614 proprie
1160 1528 1210 1593 di-

94 1621 182 1685 citur
199 1639 303 1704 quam
316 1619 414 1698 tuba„

180 1717 254 1783 545.
286 1716 344 1780 Er
372 1739 541 1782 vaurms
568 1741 686 1784 uacat
714 1740 859 1784 roarrs
887 1743 938 1784 rx
966 1745 1208 1789 nemcours.

95 1815 297 1895 Quadratus
324 1823 359 1879 et
380 1838 401 1878 a
421 1824 616 1881 correctore
644 1816 811 1904 oblongus
832 1829 897 1882 aete
919 1822 1022 1895 tortio,
1050 1821 1127 1886 olim
1149 1824 1209 1888 im·

93 1914 206 1998 pressi
221 1936 293 1978 nece
307 1917 406 1978 tortis.
428 1914 596 1979 Antonius
610 1913 710 1978 Marii
731 1915 775 1980 Et
787 1916 882 1980 validi
900 1930 1029 2002 carpant
1040 1943 1112 1985 nece
1126 1924 1211 1986 tortis

94 2035 133 2076 ea·
146 2011 306 2078 Helicmtic
313 2059 322 2091 ‚
342 2011 507 2076 Marullus
522 2011 566 2077 Et
575 2013 680 2096 polida
694 2015 782 2101 cycni
799 2037 871 2078 uoce
884 2017 954 2078 torti
967 2038 1006 2078 ea
1019 2027 1107 2082 aratro
1121 2017 1209 2082 Heli-

94 2112 199 2190 conis,
214 2109 383 2174 Aventius
404 2110 539 2173 Vallatus
553 2121 582 2174 et
595 2112 684 2197 cyprii
697 2133 770 2174 cece
784 2113 892 2176 detorti
905 2135 944 2176 ec
957 2113 1128 2190 Heliconia,
1143 2109 1209 2180 ‘co-

95 2207 191 2272 dices
208 2203 386 2272 emendati'
399 2204 560 2270 iohannis
575 2205 674 2290 Bapt.
686 2207 738 2271 Pii
759 2209 895 2272 Vallibru
908 2221 938 2273 et
950 2213 1038 2296 cycni
1051 2213 1159 2276 detorti
1172 2235 1210 2278 ac

94 2305 274 2384 Heliconis,
295 2303 478 2367 Lambinus
495 2305 629 2368 Vollibus
643 2315 671 2368 et
684 2327 771 2391 cpcat
767 2307 892 2390 'pelidis
906 2310 965 2371 orti
984 2331 1023 2372 ec
1037 2307 1209 2388 Heliconia,

90 2399 254 2468 Gifanius
272 2401 406 2465 Vallatus
420 2411 448 2464 et
461 2404 548 2488 cycni
560 2425 633 2466 aecc
648 2404 724 2468 torti
737 2425 775 2466 ec
789 2403 863 2468 Hel
851 2407 963 2483 icona,
985 2404 1096 2468 Faber
1115 2407 1209 2470 Volli-

93 2503 149 2566 tas
164 2511 194 2564 et
211 2499 321 2584 petiolis
336 2521 422 2586 went
417 2501 513 2562 corti
526 2523 565 2563 ec
578 2499 653 2565 Hel
629 2502 760 2579 laconis,
781 2497 926 2565 Vossius
942 2502 986 2565 Et
1001 2503 1110 2566 ualidis
1124 2505 1210 2590 cycni

93 2597 276 2664 anenata
289 2619 326 2662 ec
341 2597 512 2671 Heliconia,
527 2597 785 2682 Havercampus
804 2598 937 2660 Vollibvu
951 2609 980 2660 et
993 2621 1080 2684 mccc
1075 2600 1210 2664 mclict's

86 2697 173 2784 sorte
194 2719 233 2760 eo·
254 2694 430 2772 Heliconis,
449 2694 683 2760 Wakefieldus
703 2696 747 2760 Et
765 2696 840 2758 ualli
860 2697 962 2781 menis
982 2718 1054 2759 uoce
1073 2699 1209 2762 tortirac

95 2794 254 2860 Heliconis
268 2791 416 2874 (s'cilicet
424 2793 601 2880 primordio
615 2792 752 2879 monia),
768 2789 933 2878 Forbiger
948 2794 1072 2857 omissa
1085 2793 1209 2860 Gifauii

94 2892 266 2957 mentione
286 2884 382 2974 (‘nos’
400 2891 510 2974 inquit
526 2886 663 2954 ‘Eichst
681 2889 842 2973 sequuti')
865 2900 1008 2974 propter
1023 2891 1209 2978 diphthon-

94 3011 157 3076 gos
173 2989 319 3062 scilicet‚
341 2989 476 3051 Vallibza
490 2998 518 3050 et
531 2989 634 3072 epota
642 3033 650 3063 ,
665 3008 737 3050 nece
751 2989 838 3049 tortci
845 3031 854 3063 ,
869 3008 909 3048 ec
918 2985 1090 3050 Heliconis.
1105 2989 1140 3051 in
1153 2990 1209 3054 his

93 3087 177 3151 nihil
190 3086 273 3152 boni
286 3087 374 3148 inest
383 3083 449 3146 nisi
463 3085 550 3170 cycm¹
565 3090 599 3145 et
612 3083 740 3145 callibus
747 3131 756 3161 ,
772 3102 859 3167 quae
875 3081 920 3144 ad
930 3103 1001 3146 rem
1016 3087 1209 3149 necessario

93 3185 293 3269 pertinent.
314 3181 369 3244 his
388 3181 492 3266 igitur
514 3179 682 3263 susceptis
696 3180 802 3243 verba
823 3186 985 3264 corrupta
999 3180 1048 3242 ita
1068 3182 1210 3268 refinge-

93 3301 186 3354 mus‚
202 3278 246 3344 Et
258 3279 386 3342 collibia
400 3279 487 3364 cycni
500 3279 586 3342 tortis
599 3300 638 3340 ec
650 3275 825 3341 Heliconos.
849 3296 936 3361 quae
951 3278 1125 3344 vocabulis
1141 3288 1209 3343 tra-

93 3378 191 3443 iectis
207 3375 351 3460 (nullum
367 3375 455 3440 enim
474 3375 509 3440 in
524 3373 591 3438 hoc
612 3375 981 3460 potmatetraiectioue
997 3375 1209 3462 frequentius

94 3475 233 3559 vitium)
247 3474 296 3538 ita
307 3474 342 3538 in
352 3493 487 3538 versum
499 3471 734 3548 formabimus‚
748 3474 793 3538 Et
804 3495 922 3538 crcur
935 3476 1019 3539 tortia
1033 3497 1208 3540 couvre·

94 3593 216 3637 araus
231 3594 269 3636 ec
279 3569 452 3636 Heliconia.
468 3587 543 3635 nam
559 3571 828 3650 teneramunda,
841 3570 879 3635 id
894 3579 947 3636 est
958 3592 1081 3637 curvas
1093 3580 1209 3639 attor·

96 3681 231 3744 mosas,
255 3690 315 3734 cur
330 3690 447 3734 omnes
461 3668 716 3755 repudiaverint
730 3689 800 3732 non
814 3669 935 3734 video.
953 3679 1045 3736 certe
1060 3671 1147 3736 dixit
1160 3672 1216 3760 ita

97 3767 139 3832 de
153 3769 287 3833 flumine
302 3765 446 3832 Ovidius
467 3768 554 3832 libro
578 3789 620 3831 err
634 3767 746 3831 Ponto
762 3791 807 3842 ιν,
825 3767 922 3844 10,48
936 3779 965 3832 et
978 3769 1083 3833 crebro
1097 3770 1209 3834 cortice

98 3876 188 3931 torace
199 3867 299 3954 Halys
306 3914 316 3947 ‚
332 3874 367 3930 et
382 3865 426 3930 de
441 3877 519 3930 torto
528 3865 673 3950 Apuliae
687 3889 745 3930 ora
753 3865 913 3930 Lucanus
923 3888 954 3939 v,
964 3867 1025 3930 378
1039 3867 1211 3930 Ausoniam

98 3985 158 4047 quo
172 3975 312 4052 torpemus
322 3963 464 4050 frscptser
479 3970 567 4028 oram
580 3999 622 4009 -
636 3965 758 4048 Apulus
771 3962 951 4026 Hadriacos
965 3963 1028 4026 erit
1044 3962 1210 4048 Geryonen
1335 4039 1341 4053 .

98 4061 130 4122 ia
142 4065 257 4128 eadm.
273 4059 417 4128 coavollia
431 4069 544 4126 autem
554 4060 734 4125 Lucretius
750 4060 887 4146 scripsit
900 4059 935 4123 in
951 4083 981 4135 v,
1000 4059 1096 4135 1375,
1116 4062 1209 4126 colles

98 4177 285 4245 nusquam,
308 4161 466 4246 idemque
485 4158 644 4224 Manilius
665 4165 803 4223 secutus
824 4165 896 4232 est3
918 4163 1038 4222 contra
1057 4157 1209 4222 Catullus

99 4251 260 4323 Horatius
277 4257 434 4324 Tibullus
450 4256 593 4322 Ovidius
615 4255 752 4321 Gratius
767 4255 933 4326 Martialis
953 4257 1046 4320 ealles
1060 4264 1209 4328 tantum,

99 4371 166 4417 non
180 4357 348 4438 cmwalks5
360 4355 548 4442 Vergilius,
569 4355 746 4428 Lucanus,
761 4352 919 4418 Valerius
933 4353 1093 4427 Flaccus,
1112 4352 1209 4414 Iuve-

100 4449 183 4517 nalis
211 4463 414 4540 utrumquc;
444 4462 600 4520 neutrum
622 4453 763 4518 Plautus
790 4451 970 4517 Terentius
994 4449 1210 4533 Propertius,

970 4547 1050 4636 a.
