2972 5188
643 495 676 563 V
1141 509 1209 578 305

103 697 174 738 rum
188 677 356 760 copam,
378 695 457 760 puae
466 675 585 758 purtim
599 683 731 738 cudente
741 675 856 758 partim
870 678 1003 742 revelato
1015 679 1141 766 frustra
1154 707 1209 751 no.

101 771 228 836 ouumis
242 771 437 836 nubebantur
448 771 632 857 coaequa,
647 770 706 854 qui
722 777 774 834 tot
785 770 935 854 eiusdem
947 777 1040 840 vocis
1056 784 1210 866 exempla

103 867 878 952 consideraverit,n0vissimacarpentaillorum
886 871 1208 944 decoratorumcon.

101 986 220 1041 sacua,
235 965 302 1030 hoc
317 975 370 1030 est
379 965 436 1030 illa
451 965 613 1030 decorata
623 973 702 1029 ante
712 965 895 1030 novissima
903 968 1009 1034 fuisse
1018 965 1207 1064 intelleget.

99 1063 186 1128 haec
200 1071 311 1128 autem
323 1062 491 1128 adiectiva
501 1071 537 1128 at
550 1061 744 1128 adverbiaa
758 1065 857 1129 bouis
868 1068 1091 1151 scriptoribus
1106 1077 1207 1162 sylla·

99 1161 154 1226 bis
169 1159 285 1225 divisis
296 1160 431 1246 prolata
445 1181 520 1225 esse
536 1167 605 1224 tum
619 1161 695 1244 ipsa
704 1161 822 1246 regula
836 1165 993 1249 exposita
1004 1187 1044 1231 ac
1058 1169 1207 1240 fortasse

98 1255 249 1322 nondum
261 1257 343 1321 satis
351 1264 445 1322 recte
456 1257 709 1341 circumscripta
718 1257 964 1324 demonstravi.
977 1267 1083 1331 omnis
1095 1279 1207 1336 autem

99 1354 201 1418 huius
216 1355 464 1420 observationis
478 1355 587 1439 prima
601 1356 745 1420 stamina
759 1365 839 1420 sunt
853 1358 887 1420 in
903 1357 1050 1442 quadam
1063 1364 1207 1434 Bentleii

97 1451 350 1539 disputatione,
372 1473 473 1536 quam
487 1452 636 1518 Phaedri
656 1453 743 1518 libro
760 1454 867 1540 primo
889 1456 1003 1524 inliue
1017 1466 1206 1547 appositam

97 1548 332 1614 Wakefieldus
355 1557 389 1614 et
408 1549 573 1636 Forbiger
593 1569 773 1636 numquam
794 1551 916 1636 legisse
939 1572 1206 1642 cognoscuntur,

97 1667 174 1710 cum
187 1645 223 1709 in
243 1645 331 1712 libro
346 1648 450 1711 tertio
464 1647 612 1711 Lucretii
627 1647 689 1712 648
699 1649 781 1712 sine
801 1649 868 1714 ulla
883 1649 1095 1724 dubitatione
1116 1681 1205 1728 com·

96 1751 247 1808 mentum
261 1743 421 1808 Italorum
443 1745 476 1808 in
492 1745 604 1808 omnia
625 1745 829 1828 exemplaria
844 1749 935 1833 typis
957 1773 1120 1839 expressa
1133 1761 1205 1826 illa-

95 1849 171 1906 tum
184 1842 349 1928 probant,
369 1842 523 1928 quamvis
537 1841 709 1906 Bentleius
724 1865 793 1907 cum
806 1849 1058 1933 praepositione
1073 1857 1206 1925 abiecta

94 1938 277 2026 legendum
300 1939 472 2006 docuisset
497 1941 629 2026 Cotpoee
649 1942 786 2028 reliqna,
809 1943 903 2028 quod
916 1945 964 2010 ita
986 1952 1149 2036 scriptum
1170 1959 1205 2022 in
1322 1995 1328 2004 ·

94 2038 300 2102 membranis
316 2037 494 2102 Vossianis
516 2043 633 2102 extare
648 2045 775 2140 testor.
797 2039 853 2104 hic
867 2040 970 2126 igitur
987 2050 1133 2116 comicos
1148 2077 1204 2120 ve·

94 2141 206 2211 teres,
220 2135 300 2200 item
314 2134 508 2200 Lucretium
524 2143 559 2199 et
573 2134 784 2212 Phaedrum,
798 2141 945 2204 relicuom
960 2152 1122 2227 quattuor
1136 2153 1204 2238 syl.

8 2225 12 2242 '
94 2233 184 2298 labis
199 2232 359 2296 extulisse
375 2232 544 2307 ostendit,
565 2234 701 2319 negavit
716 2242 827 2299 autem
843 2257 883 2304 oo
898 2237 1079 2325 Vergilium
1093 2245 1204 2313 Hora.

94 2331 180 2393 tium
195 2326 365 2392 Tibullum
385 2328 599 2416 Propertium
613 2350 772 2414 umquam
793 2353 874 2398 usos
896 2355 990 2402 esse.
1011 2343 1125 2423 potuit
1143 2347 1204 2410 ad·

94 2425 180 2491 dere
202 2423 383 2501 Ovidium,
405 2424 581 2502 Gratium,
604 2427 861 2505 Germanicum,
883 2431 1102 2520 Priapeorum
1122 2450 1204 2526 poa.

93 2532 169 2596 tas,
192 2523 356 2608 opuscula
370 2521 588 2599 Maroniana,
611 2523 845 2603 Columellam,
860 2528 1040 2615 Senecam,
1064 2535 1203 2624 Calpur.

93 2621 207 2695 nium,
238 2620 431 2696 Lucanum,
455 2620 628 2686 Valerium
649 2621 827 2688 Flaccum.
859 2626 920 2692 sed
943 2632 1036 2714 quod
1062 2636 1203 2704 Martia.

94 2717 159 2783 lem
182 2737 222 2782 ac
236 2717 428 2783 Iuvenalem
448 2717 577 2803 primos
597 2720 725 2784 reliana
741 2719 869 2787 dixisse
890 2727 1112 2809 existimavit,
1134 2756 1203 2802 non

94 2815 178 2880 satis
200 2815 347 2880 attendit
361 2815 514 2880 Persium
536 2837 575 2880 eo
592 2822 713 2901 quater
734 2839 832 2883 usum
848 2841 923 2887 esse
933 2872 942 2903 ,
965 2825 1080 2894 Silium
1095 2835 1201 2900 multo

92 2913 244 2999 saepius,
256 2913 401 2977 Statium
416 2922 485 2978 ter:
500 2914 606 2978 habet
621 2915 721 2978 otiam
734 2915 883 3002 Sulpicia
896 2919 1026 2990 Caleni.
1042 2937 1078 2992 at
1093 2933 1200 3016 epito-

91 3022 204 3074 mator
226 3009 353 3074 Iliados
373 3032 442 3074 nou
463 3011 577 3092 potuit
597 3011 746 3074 scribere
760 3013 821 3076 895
844 3019 975 3101 Atropos
989 3023 1068 3087 tuuc
1084 3029 1201 3092 circum

91 3107 192 3172 stabat
210 3107 405 3192 reliquaeque
424 3125 560 3180 sorores,
581 3107 694 3191 potuit
714 3109 892 3196 rigidaeque
912 3136 1055 3200 sorores‚·
1086 3144 1200 3207 quam.

93 3221 196 3287 quam
211 3203 413 3288 exemplaria
427 3211 495 3266 tam
510 3203 646 3267 mirifice
663 3203 810 3280 variant,
832 3215 870 3272 ut
886 3208 929 3274 de
943 3210 1010 3278 hoc
1024 3237 1125 3284 versu
1140 3225 1200 3288 ad-

92 3300 163 3363 huc
177 3297 260 3361 nibil
270 3299 430 3363 constitui
444 3299 569 3384 possit.
584 3320 647 3364 nec
658 3299 797 3365 Manilio
813 3309 993 3374 convenire
1006 3321 1091 3397 puto
1107 3322 1200 3402 quod

92 3404 147 3461 est
167 3397 202 3459 in
216 3417 251 3471 11,
258 3397 337 3468 734,
360 3397 520 3475 Dimidia,
541 3399 669 3484 reliquis
688 3399 839 3464 lubnter
851 3416 886 3468 ul
903 3407 1010 3474 ordine
1029 3415 1144 3498 sipisim
1166 3429 1200 3484 et

91 3504 205 3560 tamen
219 3493 320 3558 video
335 3493 508 3559 Friderico
524 3495 649 3560 Iacobo
667 3495 758 3560 hunc
772 3520 905 3566 versum
919 3507 1077 3588 probari,
1100 3533 1199 3598 quom

93 3591 267 3657 Bentleius
281 3593 464 3657 reiecerat.
486 3594 632 3658 relicatas
653 3602 765 3660 autem
780 3617 959 3684 numquam
974 3604 1085 3673 dictae
1102 3623 1198 3691 sunt,

93 3690 246 3775 quamvis
267 3689 315 3754 ita
337 3691 513 3774 scripsisse
528 3699 661 3757 veteres
684 3692 777 3759 dicat
797 3695 998 3784 Papirianus
1012 3706 1046 3768 in
1068 3709 1199 3796 sylloge

91 3787 243 3852 Putschii
258 3787 400 3871 p.2290.
421 3791 571 3854 relicuum
586 3790 772 3858 Vaticanus
788 3796 898 3860 codex
910 3797 1060 3866 Sallustii
1073 3805 1108 3867 in
1123 3827 1198 3872 ora-

91 3885 183 3948 tione
193 3885 302 3950 Macri
317 3885 345 3970 5.
359 3886 391 3950 1.
406 3888 533 3972 reliqoei
545 3894 598 3950 est
610 3888 645 3950 in
656 3889 730 3974 lege
741 3891 825 3956 Iulia
835 3895 1025 3980 municipali
1043 3899 1119 3978 151;
1134 3907 1196 3970 soi'-

91 3980 170 4046 licet
184 3990 224 4046 ut
231 3985 367 4070 pequdes
382 4005 481 4070 peqcn
488 3985 627 4070 peqnnia
635 3988 815 4072 populana,
837 3990 917 4054 item
931 3992 966 4055 in
980 3993 1054 4081 lege
1068 3999 1198 4068 Thoria

90 4077 129 4142 25
150 4091 314 4166 oqupotum
332 4089 368 4145 et
385 4081 441 4145 101
458 4085 651 4168 persepolin.
673 4086 827 4170 reliquens
848 4109 909 4173 per
930 4089 997 4156 duo
1013 4118 1033 4158 u
1049 4096 1197 4166 dubitari

90 4197 159 4240 non
173 4185 289 4260 potest
303 4179 384 4262 quin
399 4189 493 4244 extet
507 4181 541 4244 in
558 4180 730 4246 Ciceronis
744 4183 788 4247 de
803 4205 840 4248 re
855 4188 992 4270 publica
1005 4192 1092 4260 libro
1107 4222 1128 4273 1,
1138 4200 1195 4266 35.

91 4272 267 4337 ubiMaius
279 4273 375 4339 dedit
385 4279 560 4363 eniguuos,
572 4301 595 4364 p
606 4277 741 4344 litterae
753 4301 821 4345 non
831 4285 895 4348 nisi
906 4289 1081 4376 vestigium
1093 4296 1194 4358 breve

90 4391 224 4464 manere
234 4379 395 4437 testatus:
408 4383 552 4460 apparet
561 4379 646 4441 enim
658 4379 872 4446 scribendum
883 4405 957 4450 esse
968 4391 1194 4476 reliplmosun-

90 4471 198 4533 unua
208 4471 299 4534 leuius
315 4472 420 4554 optimi
430 4477 577 4538 etncmmi
592 4478 652 4538 viri
662 4477 833 4563 diligentia.
852 4483 1040 4568 scripturae
1052 4487 1193 4551 mutabi-
