2946 5188
246 463 291 530 58
790 461 821 528 Il

172 655 220 699 535
243 637 346 700 multa
360 635 438 698 licet
452 655 573 720 genere
590 655 664 700 esse
678 635 711 698 in
727 655 767 698 eo
782 655 1021 719 numerumque
1036 637 1171 722 repleri:

244 751 330 814 sicut
345 749 587 838 quadripedum
603 749 805 834 cumprimis
822 771 896 814 0000
912 735 1062 814 videmus

243 865 277 928 in
292 885 414 950 genere
429 865 645 950 anguimanus
661 863 859 948 elephantos
869 911 877 939 ‚
887 862 983 928 India
997 885 1139 950 quorum

244 979 374 1044 milibus
390 1001 407 1041 e
422 980 533 1044 multis
549 979 635 1042 vallo
651 979 797 1042 munitur
812 979 955 1053 eburno,

243 1103 280 1158 ut
294 1094 426 1179 penitus
440 1101 586 1178 nequeat
600 1087 784 1179 penetrari:
797 1101 891 1156 tanta
904 1092 1049 1158 ferarum

173 1226 220 1272 540
243 1209 294 1273 vis
310 1218 378 1286 est3
390 1230 529 1293 quarum
543 1231 607 1272 nos
622 1227 792 1294 perpauca
807 1208 960 1293 exempla
973 1207 1138 1274 videmus.

244 1323 305 1387 sed
319 1332 429 1388 tamen
444 1323 479 1387 id
494 1343 629 1408 quoque
644 1323 691 1386 uti
707 1321 905 1397 concedam,
917 1344 1016 1407 quam
1030 1323 1124 1387 lubet
1138 1331 1211 1387 esto

243 1438 341 1502 unica
355 1458 409 1500 res
425 1435 590 1521 quaedam
604 1435 718 1500 nativo
734 1456 877 1522 corpore
892 1437 980 1510 sola,

244 1553 297 1616 cui
312 1551 425 1615 similis
440 1559 513 1615 toto
529 1537 692 1614 terrarum
707 1551 797 1613 nulla
811 1553 854 1614 sit
869 1552 956 1615 orbi:

243 1665 369 1729 infinita
383 1673 492 1728 tamen
507 1666 569 1729 nisi
586 1665 648 1728 erit
662 1665 712 1730 vis
727 1665 891 1740 materiai,

174 1798 221 1843 555
244 1779 333 1843 unde
350 1801 389 1842 ea
403 1779 556 1865 progigni
571 1779 679 1864 possit
694 1789 874 1865 concepta,
890 1780 996 1844 creari

244 1915 312 1958 non
327 1895 468 1978 poterit,
481 1915 607 1978 neque,
620 1894 713 1978 quod
728 1916 830 1981 super
845 1903 913 1970 est,
926 1915 1142 1979 procrescere
1156 1895 1281 1982 alique.

246 2011 369 2094 quippe
384 2009 502 2074 etenim
518 2009 546 2072 si
561 2009 755 2074 mantieuler
768 2008 860 2074 finita
874 2030 934 2094 per
950 2029 1046 2072 omne

248 2144 392 2208 corpora
405 2123 522 2187 iactari
536 2123 633 2188 unius
648 2123 804 2209 genitalia
817 2123 879 2198 rei,

244 2237 334 2302 unde
348 2239 404 2303 ubi
420 2238 532 2324 quavi
548 2247 583 2302 et
597 2261 663 2323 quo
680 2247 779 2323 pacto
795 2258 976 2321 congressa
991 2239 1126 2302 coibunt

173 2371 221 2417 550
243 2354 398 2418 materiae
412 2360 508 2418 tanto
523 2353 557 2416 in
572 2353 690 2438 pelago
706 2353 872 2436 turbaque
887 2353 1014 2416 aliena?

245 2490 313 2531 non
324 2516 331 2543 ,
341 2475 379 2530 ut
394 2467 513 2552 opinor
523 2515 531 2542 ,
541 2467 670 2532 habent
683 2467 847 2531 rationem
862 2467 1074 2532 conciliandi:

246 2581 308 2646 scd
323 2582 419 2665 quasi
433 2579 615 2664 naufragiis
628 2581 756 2664 magnis
770 2579 947 2665 multisque
964 2583 1089 2646 coortis

246 2694 421 2759 disiectare
437 2694 523 2757 solet
537 2715 690 2778 magnum
704 2715 794 2758 mare
808 2703 974 2770 transtra,
985 2696 1150 2780 guberne,

246 2819 435 2884 antemnas,
447 2831 579 2896 proram
590 2857 597 2882 ‚
610 2809 730 2882 0000100,
743 2817 926 2893 tonsasque
940 2811 1101 2878 natantis.

176 2945 224 2989 555
247 2947 307 3011 per
322 2934 483 2988 terrarum
499 2925 605 2988 omnis
621 2945 698 2988 oras
712 2923 874 2988 fluitantia
888 2923 1039 3008 aplustra

245 3050 283 3105 ut
297 3039 474 3104 videantur
490 3053 524 3103 ct
537 3037 693 3128 iudicium
708 3038 902 3102 mortalibus
918 3038 1033 3114 edant,

245 3155 337 3220 inlidi
351 3155 450 3220 maris
464 3153 602 3218 insidias
617 3154 764 3239 virisque
780 3152 962 3238 dolumque

244 3279 282 3334 ut
296 3271 402 3334 vitare
416 3269 535 3343 velint,
546 3290 632 3332 neve
646 3269 714 3331 ullo
728 3277 879 3352 ternpore
895 3266 1049 3339 credant.

246 3383 389 3448 subdola
404 3405 476 3445 cum
492 3381 581 3446 ridet
597 3379 718 3467 placidi
733 3381 873 3467 pellacia
887 3383 998 3466 ponti,

174 3517 222 3563 500
245 3499 292 3562 010
307 3497 366 3561 tibi
381 3498 407 3560 si
422 3497 513 3559 finita
528 3494 628 3559 semel
643 3494 826 3580 primordia
841 3495 1005 3580 quaedam

246 3611 430 3676 constitues
440 3659 447 3684 ‚
459 3631 576 3673 aevom
591 3609 762 3674 debebunt
776 3631 894 3694 sparsa
908 3633 968 3696 per
984 3633 1112 3676 omnem

246 3727 423 3791 disiectare
438 3733 550 3788 aestus
566 3722 691 3788 diversi
707 3726 872 3800 materiai,

246 3861 424 3926 numquam
438 3841 472 3902 in
487 3840 660 3904 concilium
676 3847 712 3902 ut
726 3840 858 3924 possint
873 3841 1045 3926 compulsa
1059 3843 1148 3906 coire

245 3976 307 4018 nec
322 3955 480 4019 remorari
496 3955 529 4018 in
545 3953 686 4019 concilio
702 3977 763 4017 uec
778 3977 929 4026 erescere
945 3954 1103 4032 adaucta3

175 4087 222 4133 005
246 4091 387 4156 quorum
403 4079 581 4154 utrumque
597 4070 703 4154 palam
718 4071 789 4134 fieri
804 4069 981 4134 manifesta
996 4067 1183 4144 (10000000,

248 4256 448 4264 .—-———

248 4357 296 4402 5³5
315 4367 413 4420 genera
430 4351 440 4419 ll
460 4356 509 4400 535
528 4349 572 4402 Sic
592 4350 628 4402 uti
648 4353 657 4417 ll
677 4359 723 4402 541
745 4350 829 4402 iubet.
849 4351 858 4416 ll
879 4356 926 4402 54³
940 4349 1156 4404 000011000οί00000.
1178 4353 1187 4418 ll
1207 4356 1254 4402 547
1271 4366 1388 4406 sumant

237 4432 317 4508 ¹oculi
336 4435 346 4502 ΙΙ
366 4438 413 4484 553
432 4449 556 4485 caver-ua.
576 4431 585 4500 ΙΙ
606 4440 653 4484 554
673 4449 779 4502 prorem
798 4435 807 4498 ll
828 4439 875 4483 555
896 4431 1028 4502 quaustra.
1048 4435 1058 4498 ll
1077 4439 1126 4484 550
1145 4434 1244 4485 iuliuita
