2972 5188
275 444 345 512 ,ιιι
380 405 384 416 ’
812 441 846 506 v

274 640 345 702 erpo
357 617 505 680 ridebitur
516 615 750 700 culparemus,
765 637 799 679 eo
809 623 927 678 Mur.
942 615 1021 678 item
1028 614 1155 680 Paulus
1166 617 1267 692 mire,
1279 622 1390 702 parti-

274 715 362 798 cipio
372 733 455 777 urus
465 712 500 776 in
511 709 724 784 condicione,
735 711 769 774 in
783 711 828 775 ll
843 711 884 776 D.
896 711 940 776 de
952 711 1074 777 divort.
1083 714 1203 790 xxiv,2
1214 716 1389 780 nimiae

272 812 499 876 matrimonium
518 809 646 874 divortio
658 819 754 874 morte
768 811 936 895 captivitate
948 811 997 874 cel
1008 811 1075 875 olio
1089 815 1278 899 eoudnqmte
1291 819 1388 878 serri-

273 919 333 978 tute
342 910 441 972 atritas
450 929 573 974 eorum:
582 906 656 972 vult
667 907 753 970 enim
764 907 877 972 dicere
887 909 915 972 si
923 909 1022 972 uoto
1031 931 1137 974 eorum
1151 913 1309 996 occeperit
1321 935 1387 974 ser-

273 1008 365 1070 cilus.
380 1004 474 1091 quod
488 1005 593 1090 siquis
607 1007 686 1068 inter
699 1016 785 1069 ubas
797 1007 847 1070 ite
859 1007 1139 1090 interpretabitur
1152 1016 1191 1071 ut
1203 1007 1299 1073 dicat
1310 1029 1387 1072 esse

272 1115 435 1190 surrepere,
456 1103 602 1168 errabit.
624 1101 691 1168 hoo
706 1103 792 1167 enim
807 1102 909 1167 modo
924 1123 994 1167 non
1006 1111 1141 1170 veteres
1153 1155 1161 1180 ‚
1175 1114 1214 1171 ut
1227 1105 1386 1169 Draken-

273 1200 415 1266 borchio
430 1198 475 1264 ad
489 1199 575 1264 Livii
588 1201 739 1279 xxv1,39,
748 1200 788 1264 23
802 1201 912 1266 visum
925 1208 994 1275 est,
1015 1201 1119 1266 locuti
1133 1211 1231 1276 sunt,
1246 1201 1312 1267 sed
1327 1211 1387 1266 aut

273 1301 478 1365 recentiores
493 1305 552 1362 aut
565 1319 680 1362 nemo.
695 1300 810 1382 itaque
821 1299 946 1364 Paulus
960 1301 995 1364 iu
1008 1299 1029 1363 l.
1041 1299 1081 1364 34
1093 1322 1143 1385 pr.
1154 1300 1194 1364 D.
1206 1299 1252 1364 dc
1266 1321 1298 1364 o.
1310 1309 1347 1364 et
1357 1322 1385 1363 a.

273 1397 390 1472 xtra?
405 1397 582 1481 scripsisse
596 1395 704 1460 fertur
718 1407 746 1462 et
758 1397 826 1462 ideo
835 1409 961 1482 poserem
975 1409 1062 1462 arrae
1075 1409 1263 1482 competere.-
1285 1407 1383 1462 nemo

274 1495 385 1560 credit
399 1494 561 1558 Varronis
576 1514 652 1558 esse
666 1493 709 1558 de
722 1494 838 1580 lingua
851 1494 973 1558 Latina
987 1494 1073 1560 libro
1089 1518 1124 1560 rx
1141 1519 1171 1582 p.
1178 1497 1241 1560 477
1255 1499 1302 1560 sir
1315 1507 1384 1560 mre

152 1654 160 1666 ‚
273 1615 335 1658 esse
349 1593 434 1678 apud
445 1615 516 1664 nos,
538 1599 596 1656 aut
606 1590 715 1656 Vellei
729 1591 900 1657 Paterculi
914 1593 1046 1656 nliomm
1060 1594 1158 1656 ueritas
1171 1593 1291 1656 ordinis
1304 1595 1383 1656 eiro-

273 1713 343 1754 rum
356 1690 391 1754 in
406 1713 440 1763 11,
449 1689 547 1765 34‚3.
569 1689 631 1754 sed
649 1691 685 1754 in
698 1690 858 1755 Lucretio
878 1691 977 1754 nullis
998 1711 1084 1774 opus
1099 1697 1153 1752 est
1166 1690 1384 1776 ambagibus:

274 1788 384 1872 ipsum
404 1789 491 1852 enim
509 1786 593 1851 illud
611 1787 806 1852 femininum
819 1789 1062 1853 vocabulorum
1075 1807 1182 1872 genus
1195 1786 1252 1850 hic
1266 1789 1384 1851 vitium

275 1905 348 1951 esse
362 1884 526 1949 ostendit:
540 1896 668 1950 soreres
679 1885 764 1949 enim
777 1895 863 1950 ratres
876 1891 912 1948 ct
925 1895 1069 1948 miram
1082 1895 1243 1971 tetramque
1258 1886 1384 1950 extrin-

274 2004 372 2049 secus
382 1981 507 2048 inferre
516 1981 724 2046 Wakefieldo
734 1991 769 2046 et
778 1981 904 2048 Orellio
913 1982 1008 2056 licet,
1019 2001 1181 2046 nousano
1189 1983 1384 2066 interpreti.

273 2082 388 2156 nobis,
402 2087 483 2165 post
497 2101 635 2164 eaquae
646 2079 821 2165 disputata
835 2087 914 2145 sunt
928 2078 974 2144 ad
986 2080 1107 2144 librum
1122 2103 1156 2154 11,
1166 2081 1246 2154 518,
1261 2083 1383 2146 obscu·
1403 2137 1409 2154 ,

273 2201 347 2244 rum
369 2200 443 2244 esse
464 2197 534 2241 non
554 2185 672 2261 potest
690 2185 825 2262 politam
853 2176 966 2242 dicere
987 2179 1208 2263 Aedroppnum
1238 2201 1384 2242 rures-

273 2299 462 2354 urnnour
478 2296 569 2350 esse,
584 2275 651 2340 hoc
665 2277 767 2340 estin
781 2273 892 2340 medio
907 2276 1019 2359 spatio
1031 2296 1147 2338 eorum
1159 2297 1247 2360 quae
1261 2277 1298 2340 in
1313 2278 1382 2340 cius

272 2377 406 2440 nomine
429 2375 643 2438 continentur
662 2375 836 2456 positum.
859 2379 973 2436 ‚restat
992 2397 1046 2436 nec
1065 2383 1167 2438 ιιέναιιι
1192 2374 1290 2458 (nam
1310 2396 1382 2459 pue,

274 2471 367 2558 quod
380 2471 433 2535 his
448 2469 629 2543 adhaeret,
644 2471 871 2554 traiecimus):
887 2468 949 2534 sed
959 2469 1142 2534 masculino
1156 2490 1283 2556 genere
1297 2474 1381 2556 opus

274 2577 342 2647 est,
357 2591 412 2632 nec
427 2587 577 2640 ornum,
592 2566 659 2629 boo
674 2575 728 2630 est
740 2579 769 2632 et
781 2579 936 2632 mavum.
953 2576 1006 2632 est
1020 2569 1106 2632 enim
1117 2568 1166 2632 eis
1178 2589 1267 2652 quae
1278 2588 1382 2652 supra

274 2665 317 2729 de
331 2664 398 2727 hoc
412 2663 610 2747 pronomine
625 2662 719 2747 quod
733 2670 785 2727 est
798 2676 865 2730 cler
879 2664 1024 2729 diximus
1045 2663 1260 2741 addendum,
1281 2687 1381 2750 posse

274 2764 304 2827 ei
317 2783 414 2847 neque
428 2760 598 2846 praemitti
618 2761 667 2824 ita
681 2770 719 2824 ut
733 2759 785 2824 his
801 2763 989 2827 coniunctis
1004 2771 1039 2826 et
1052 2763 1255 2828 conectendi
1268 2765 1321 2828 vis
1333 2764 1380 2826 in·

273 2862 318 2924 sit
332 2867 367 2924 et
380 2857 527 2945 negandi
541 2857 585 2922 de
604 2865 771 2944 utroque.
792 2861 840 2924 sic
859 2861 933 2945 ipse
947 2860 1125 2924 Lucretius
1138 2861 1174 2925 in
1189 2883 1235 2935 ιν,
1247 2861 1325 2925 1217
1341 2861 1382 2926 El

272 2983 367 3046 neque
380 2969 483 3022 ulrum
496 2959 650 3044 ceperam
661 2979 767 3021 eorum
780 2981 835 3022 nec
847 2969 1049 3043 epacaret
1056 3007 1063 3020 .
1079 2955 1207 3023 Gellius
1218 2957 1307 3024 libro
1319 2959 1380 3028 uA

273 3083 342 3124 eum
355 3069 514 3124 acuamur
524 3069 552 3122 et
564 3081 635 3121 reue
649 3057 727 3121 duee
741 3059 889 3144 reliquari
903 3069 1047 3141 capsulae
1060 3059 1296 3142 coniurataeque
1309 3059 1380 3124 siril.

272 3181 367 3245 neque
381 3168 452 3220 rutro
465 3157 530 3220 siue
543 3157 642 3220 altero
656 3166 792 3220 constare
801 3157 911 3240 possit.
923 3154 1049 3218 Paulus
1059 3156 1095 3218 in
1104 3154 1125 3216 l.
1137 3152 1196 3218 132
1207 3153 1250 3218 D.
1262 3154 1307 3218 de
1317 3177 1346 3218 v.
1356 3177 1380 3217 s.

272 3279 302 3330 n,
320 3257 357 3319 16
379 3265 406 3319 el
419 3255 599 3319 consuetudo
612 3253 754 3338 loquendi
767 3254 804 3316 id.
814 3255 856 3318 ito
871 3277 934 3318 esse
947 3253 1102 3331 declarat,
1123 3263 1193 3316 urite
1207 3253 1288 3315 dien
1302 3253 1380 3316 deci-

271 3375 355 3416 mum
374 3351 594 3428 kakndorum,
610 3361 682 3435 porr
699 3352 778 3415 diem
792 3352 942 3416 decimum
955 3351 1179 3416 kalendarum:
1198 3373 1296 3436 mpure
1315 3361 1381 3413 utro

272 3451 352 3512 otim
364 3470 501 3511 remoue
515 3447 654 3511 undecim
668 3449 731 3512 dies
743 3449 967 3537 siqmfioaalur.
991 3447 1085 3530 apud
1097 3446 1290 3511 Martialem
1303 3449 1338 3510 in
1352 3469 1381 3516 r,

272 3547 313 3610 20
325 3543 602 3608 Schneidewinus
613 3545 709 3610 Nunc
721 3547 792 3610 uiuit
804 3569 860 3610 nec
872 3559 939 3611 uter
948 3547 1006 3609 sibi
1013 3571 1025 3627 ‚·
1040 3545 1173 3630 quodsi
1184 3566 1301 3608 verum
1315 3553 1381 3616 est,

272 3640 533 3728 intellegendum
549 3649 601 3706 est
614 3643 681 3716 ita,
702 3667 740 3707 ne
755 3645 897 3709 donner
910 3644 1050 3730 quidem.
1071 3643 1239 3709 Asconius
1259 3641 1307 3706 ad
1321 3642 1380 3706 lili·

273 3741 440 3806 loniunam
454 3761 485 3825 p.
497 3740 547 3814 42,
560 3739 597 3803 13
611 3739 697 3803 Bait.
712 3743 766 3806 sed
777 3744 822 3806 ito
843 3743 970 3806 cmuddt
986 3751 1019 3804 ut
1040 3741 1189 3818 dicimus,
1209 3763 1267 3804 aec
1285 3743 1382 3804 esim

272 3842 344 3923 (nee
358 3841 513 3926 curitaque
526 3837 618 3922 libri)
634 3840 757 3904 rosolio
766 3850 938 3924 popualus
953 3863 1013 3902 esse
1027 3863 1062 3903 ec
1076 3839 1143 3912 die,
1163 3861 1270 3902 uerum
1284 3849 1314 3902 et
1326 3836 1380 3918 (li-
1476 3875 1477 3904 ι

274 3938 326 4000 bri
341 3941 384 4022 ei)
396 3938 482 4023 forle
494 3938 661 4002 οσσιιννίεεο
674 3948 704 4001 et
715 3959 753 4000 es
774 3937 867 4021 (libri
882 3961 920 4002 ex
934 3937 988 4020 ea)
1007 3938 1079 4000 risa
1091 3959 1248 4000 smmum
1262 3936 1381 4000 leodem

273 4037 316 4098 od
332 4037 453 4098 caedem
467 4047 664 4121 pervertitur.
687 4035 842 4122 Hyginus
857 4034 900 4099 de
916 4035 1075 4100 limitibus
1090 4033 1229 4118 p.109,1
1247 4031 1382 4097 videtur

273 4133 450 4215 scripsisse
464 4143 497 4196 ut
509 4157 606 4218 neque
620 4134 659 4198 ab
674 4144 741 4197 retro
756 4157 927 4218 possessore
947 4143 1091 4218 turpetur
1101 4158 1112 4195 .·
1132 4133 1209 4196 libri
1231 4143 1266 4196 at
1286 4155 1324 4196 rie
1344 4131 1381 4194 ab

272 4243 415 4318 utroque.

355 4329 425 4394 841.
438 4327 583 4392 Murri
607 4351 701 4392 erun
723 4325 1381 4416 ons.EgregieNaugoriusMurnsiue
