2946 5188
291 463 337 530 34
848 461 864 528 l

291 642 439 708 constet,
452 655 496 698 en
508 634 701 700 immensum
715 641 830 721 patent
844 643 1006 719 vasteque
1019 634 1241 721 profundum.

320 749 440 814 'Omne
455 747 548 834 quod
563 756 615 812 est
628 749 728 834 igitur
742 749 834 814 nulls
846 750 983 835 regione
997 749 1124 814 viarum

290 865 468 928 finitumst:
479 883 622 948 namque
639 871 821 928 extremum
837 863 984 928 debebat
998 863 1138 928 habere:

218 995 268 1043 999
290 987 473 1044 extremum
487 999 591 1063 porro
605 977 727 1042 nullius
741 999 843 1064 posse
859 977 993 1042 videtur

292 1115 383 1169 esse,
395 1094 457 1158 nisi
470 1093 559 1157 ultra
573 1093 617 1156 sit
632 1091 724 1177 quod
738 1093 848 1170 finiat;
859 1100 897 1156 ut
911 1091 1064 1156 videatur

292 1229 359 1292 quo
374 1229 442 1271 non
456 1207 588 1293 longius
602 1205 686 1270 baec
702 1229 822 1272 sensus
837 1215 958 1272 nature
972 1213 1149 1290 sequatur.

290 1343 379 1385 nunc
394 1327 491 1384 extra
505 1341 664 1385 summam
679 1322 834 1406 quoniam
849 1321 896 1385 nil
910 1341 984 1386 esse
998 1319 1185 1396 fatendum,

290 1457 358 1499 non
372 1435 477 1499 habet
491 1444 691 1512 extremum,
703 1444 795 1500 caret
810 1457 890 1522 ergo
905 1435 970 1500 fine
984 1434 1168 1520 modoque.

218 1567 267 1612 995
289 1571 352 1614 nec
366 1548 470 1614 refert
485 1527 605 1634 quibus
621 1548 766 1614 adsistas
780 1548 971 1634 regionibus
986 1548 1072 1612 eius:

290 1684 398 1748 usque
413 1662 516 1738 adeo,
530 1684 626 1749 quem
643 1663 784 1748 quisque
798 1663 907 1728 locum
921 1662 1075 1750 possedit
1084 1713 1092 1737 ‚
1101 1663 1136 1726 in
1151 1663 1259 1728 omnis

290 1775 488 1842 tantundem
501 1778 607 1863 partis
620 1777 782 1842 infinitum
796 1799 894 1842 omne
908 1778 1082 1863 relinquit.

289 1899 466 1977 practerea
480 1891 509 1954 si
522 1891 586 1954 iam
601 1891 727 1956 finitum
743 1892 965 1956 constituatur

290 2027 388 2070 omne
404 2005 497 2091 quod
512 2013 565 2070 est
579 2007 722 2091 spatium
732 2055 740 2082 ‚
752 2007 858 2093 siquis
872 2017 1050 2091 procurrat
1064 2004 1109 2068 ad
1123 2026 1201 2069 oras

219 2136 269 2183 sm
289 2120 430 2184 ultimus·
440 2133 605 2184 extremas
619 2120 784 2206 iaciatque
799 2119 934 2184 volatile
949 2121 1063 2192 telum,

288 2234 323 2298 id
337 2233 457 2300 validis
471 2242 581 2298 utrum
597 2243 788 2299 contortum
802 2235 927 2300 viribus
942 2235 990 2298 ire

289 2371 356 2435 quo
371 2349 471 2414 suerit
485 2350 620 2413 missum
634 2351 738 2414 mavis
752 2351 918 2436 longeque
932 2348 1061 2423 volere,

288 2485 330 2526 cn
345 2463 525 2550 prohibere
540 2463 666 2547 aliquid
681 2485 800 2528 censes
815 2465 1018 2547 obstareque
1032 2461 1158 2549 posse?

282 2578 482 2642 alterutrum
496 2576 632 2641 fatearis
648 2577 732 2642 enim
748 2599 925 2662 sumasque
938 2583 1124 2643 necessest.

216 2708 265 2754 975
289 2713 430 2777 quorum
444 2698 622 2776 utrumque
636 2690 695 2754 tibi
710 2690 863 2775 effugium
878 2690 1067 2776 praecludit
1081 2698 1116 2756 et
1129 2712 1226 2754 omne

289 2805 379 2891 cogit
392 2813 430 2869 ut
445 2813 599 2890 exempto
614 2804 780 2869 concedas
793 2804 858 2868 fine
873 2811 1003 2890 patere.

287 2939 364 2982 nam
379 2919 449 2983 sive
466 2927 517 2982 999
532 2919 648 3004 eliquit
662 2918 755 3003 quod
768 2920 912 3005 probeat
927 2917 1114 3003 efficietque

212 3071 215 3078 ,
288 3055 356 3120 quo
370 3033 468 3097 minu'
479 3055 546 3118 quo
560 3035 696 3098 missum
712 3043 764 3098 999
776 3035 888 3099 veniet
901 3035 1024 3118 finique
1038 3034 1125 3096 locet
1140 3054 1194 3108 se,

288 3149 358 3212 sive
371 3147 463 3214 fores
477 3148 600 3224 fertur,
610 3171 678 3213 non
694 3157 746 3214 est
760 3172 780 3214 a
793 3150 859 3213 fine
873 3149 1078 3236 profectum.

214 3277 263 3326 999
284 3258 350 3326 hoc
364 3271 466 3349 pacto
481 3284 603 3347 sequar
618 3273 736 3347 atque,
749 3285 827 3327 oras
840 3265 898 3327 ubi
913 3284 1053 3347 cumque
1064 3261 1189 3327 locaris

287 3384 469 3452 extremas,
482 3398 637 3460 quaeram
652 3376 735 3462 quid
748 3377 816 3440 telo
833 3375 975 3461 denique
989 3377 1063 3443 fiat.

284 3490 342 3554 fiet
355 3491 403 3554 nti
418 3511 581 3576 nusquam
595 3489 704 3576 possit
719 3491 903 3554 consistere
917 3491 1007 3566 finis,

285 3603 504 3690 efiuffl'umquc
519 3603 618 3689 fugae
632 3604 779 3704 prolatet
793 3607 889 3690 copie
904 3625 1050 3691 semper.

323 3718 506 3782 Praeterea
519 3719 662 3803 spatium
677 3720 815 3783 summai
828 3720 932 3783 totins
947 3741 1043 3783 omne

210 3847 259 3894 999
281 3830 428 3917 undique
444 3833 471 3897 si
486 3832 647 3897 inclusum
663 3835 763 3898 certis
778 3835 978 3898 consisteret
993 3834 1061 3898 oris

282 3946 476 4032 finitumque
490 3947 597 4025 foret,
607 3949 672 4012 iam
687 3948 785 4034 copie
799 3949 947 4013 materiei

280 4058 428 4145 undique
442 4061 649 4147 ponderibus
665 4062 781 4128 solidis
796 4061 966 4126 confluxet
980 4060 1024 4126 ad
1037 4063 1150 4133 imum,

280 4343 329 4390 957
348 4339 475 4392 {mensum
502 4339 512 4408 {l
540 4345 588 4393 966
608 4359 714 4396 omnus.
742 4345 752 4410 ΙΙ
779 4347 825 4392 erl
847 4339 877 4392 lu
902 4339 912 4408 ll
935 4344 982 4391 981
1003 4309 1061 4393 fiet.
1086 4341 1096 4408 ΙΙ
1121 4345 1169 4392 994
1190 4341 1299 4394 sentium
1323 4341 1332 4401 l
1355 4341 1397 4386 985

281 4420 397 4474 inclusus
415 4423 426 4491 ll
444 4427 494 4474 987
513 4423 640 4476 confluxit
