3034 5198
291 479 337 548 78
829 479 860 546 ll

289 653 392 720 editio
418 653 552 717 Optatus
571 653 667 716 uulsis
686 653 729 716 itu
747 661 863 716 statuas
883 663 1052 740 statuesque
1071 655 1223 718 estimatus
1240 680 1250 718 :
1269 655 1313 720 de
1329 655 1411 720 Bri-

289 752 396 816 xiensi
411 759 446 816 et
459 749 649 815 Veronensi
669 749 750 814 nihil
769 750 854 814 corti
869 749 982 816 dicere
996 771 1133 835 possum
1149 761 1290 838 propter
1305 754 1412 818 stoli·

290 849 366 914 dam
379 849 635 936 Glasguensium
650 858 685 912 et
695 847 869 934 Forbigeri
884 849 1217 934 neglegentiam.sed
1232 849 1267 914 hi
1282 873 1410 916 versus

289 949 406 1012 tamin
420 948 567 1034 oblongo
583 969 682 1033 quam
695 949 731 1012 in
744 948 880 1014 schedis
901 949 1036 1014 rubrica
1051 949 1169 1033 scripti
1184 963 1265 1014 sunt
1280 949 1409 1014 litteris

288 1047 475 1112 uncialibus
493 1096 501 1120 ,
524 1069 543 1110 a
559 1047 716 1132 quadrati
731 1046 866 1112 librario
882 1047 995 1112 omissi
1010 1048 1227 1134 complurium
1242 1069 1409 1113 versuum

289 1147 399 1232 spatio
413 1165 522 1209 vacuo
537 1145 655 1210 relicto
673 1169 681 1221 ς
701 1145 795 1230 quod
809 1147 917 1230 ipsum
933 1143 1082 1209 similiter
1097 1145 1133 1208 in
1148 1155 1310 1230 quattuor
1327 1169 1409 1210 ver-

288 1247 380 1310 sibus
401 1244 475 1310 libri
496 1243 586 1308 tertii
601 1242 725 1308 factum
742 1264 818 1308 esse
834 1242 1074 1308 demonstrabo
1089 1242 1135 1307 ad
1150 1244 1220 1308 eius
1236 1243 1312 1310 libri
1326 1265 1409 1308 ver-

287 1365 359 1410 sum
381 1343 464 1408 759.
482 1343 516 1406 in
538 1341 604 1405 hoc
626 1349 736 1406 autem
758 1342 843 1406 libro
866 1339 1016 1405 secundo
1038 1361 1156 1406 versus
1178 1341 1264 1416 508,
1290 1343 1408 1406 Cedere

286 1445 376 1521 ite-m,
395 1442 430 1506 in
452 1440 601 1524 oblongo
624 1439 735 1503 rubris
758 1448 793 1503 et
813 1438 1000 1504 uncialibus
1021 1439 1140 1504 litteris
1162 1441 1309 1526 scriptus
1331 1449 1424 1520 est,¹

286 1561 429 1624 eumque
440 1538 627 1622 quadratus
636 1537 889 1621 praetermittit,
899 1536 962 1601 sed
973 1557 1048 1601 cum
1060 1535 1193 1602 duobus
1203 1537 1275 1601 aliis
1283 1539 1404 1623 (Num-

286 1661 345 1724 qus
359 1638 430 1700 otiis
443 1671 485 1683 -
499 1645 693 1712 exereretur,
713 1634 825 1712 Omnia
839 1633 895 1718 sic)
912 1643 946 1698 ct
960 1634 1032 1698 sinc
1046 1634 1116 1698 ullo
1129 1635 1329 1700 interstitio:
1345 1656 1403 1698 ce·

286 1745 379 1800 teros
406 1733 441 1795 in
468 1731 615 1816 oblongo
643 1729 761 1794 eodem
788 1730 890 1794 modo
919 1733 1064 1817 scriptos
1087 1731 1274 1817 quadratus
1295 1732 1404 1798 habet

287 1831 456 1919 scriptura
469 1849 538 1893 non
552 1827 673 1913 insigni
693 1876 700 1891 .
722 1827 744 1890 ii
765 1836 845 1892 sunt
859 1827 893 1892 hi
913 1877 921 1903 ,
944 1829 986 1893 94
1000 1830 1145 1894 Pluribus
1164 1830 1314 1908 adnuit,
1338 1831 1401 1896 502

286 1932 394 1994 Aurea
401 1951 557 2013 paeonum
571 1975 580 2006 ,
599 1925 660 1990 710
676 1925 800 1990 Scilicet
812 1927 864 1999 id,
878 1924 941 1990 809
956 1926 1045 1990 Scire
1058 1929 1127 1991 licet
1133 1975 1142 2006 ,
1150 1927 1212 1991 887
1232 1929 1322 2006 Quod
1333 1953 1399 1992 ηιο-

254 2035 256 2038 ’
284 2039 331 2092 net
345 2075 354 2106 ,
373 2025 436 2090 9119
449 2028 515 2090 Aut
526 2036 676 2112 tepescant
692 2073 700 2099 ‚
723 2023 785 2088 962
803 2025 904 2105 ριιαιιι
917 2047 976 2112 quo
995 2073 1003 2105 ,
1029 2024 1108 2090 1012
1124 2027 1228 2090 Rebus
1241 2038 1270 2090 et
1282 2075 1292 2106 ,
1319 2027 1399 2094 1023

285 2127 380 2190 Νιιιιο
394 2123 531 2187 numum
543 2171 553 2202 ,
571 2123 650 2188 1112
666 2123 753 2188 Nam
767 2145 825 2186 suo
840 2125 948 2210 οιιὶᾳιισ
959 2149 970 2186 .·
984 2123 1119 2188 rubrica
1134 2133 1186 2188 est
1199 2124 1234 2187 in
1249 2125 1397 2212 oblongo

283 2226 318 2288 in
333 2244 433 2287 versu
448 2222 527 2296 608,
543 2221 611 2301 Quo
624 2245 721 2302 ιιιιιιο,
733 2221 795 2286 sed
810 2223 942 2286 litterae
959 2229 1151 2287 currentes.
1166 2223 1260 2306 paria
1271 2223 1323 2288 his
1335 2227 1395 2289 oh-

284 2320 416 2386 servavi
431 2319 466 2382 in
481 2321 718 2384 commentario
734 2319 810 2384 libri
826 2321 939 2406 primi,
951 2317 994 2382 de
1008 2338 1109 2383 versu
1128 2321 1162 2384 ll
1180 2329 1214 2384 et
1224 2321 1282 2385 411
1295 2371 1303 2386 .
1316 2344 1395 2388 enu-

283 2418 409 2482 meravi
424 2425 534 2480 autem
549 2417 695 2502 singula,
708 2419 787 2502 quia
801 2439 934 2482 causam
948 2416 997 2481 rei
1009 2415 1204 2504 intellegere
1215 2440 1285 2482 non
1299 2423 1394 2506 potui

283 2518 376 2601 (nam
396 2515 500 2598 siquis
522 2533 580 2577 eos
594 2535 713 2578 versus
733 2515 767 2578 in
784 2514 983 2600 exemplaris
998 2513 1176 2602 archetypi
1190 2519 1395 2605 marginibus

284 2613 430 2696 scriptos
444 2611 547 2675 fuisse
563 2612 721 2686 coniciet,
734 2613 893 2694 errabit),
905 2618 939 2675 et
954 2621 992 2675 ut
1007 2621 1158 2696 apertum
1173 2611 1319 2680 lacerem
1335 2637 1393 2682 eos

282 2708 431 2776 absurde
453 2709 588 2794 egisse,
611 2709 667 2793 qui
689 2730 809 2774 versus
830 2711 930 2773 minio
953 2711 1101 2794 scriptos
1122 2717 1264 2798 propter
1284 2716 1393 2800 ipsum

282 2808 417 2872 minium
447 2807 648 2871 auctoritato
669 2827 791 2872 carere
818 2817 853 2872 et
879 2807 1178 2893 interpolatoribus
1200 2812 1393 2878 adscriben-

282 2907 346 2972 dos
362 2925 438 2972 esso
453 2903 620 2968 dixerint.
635 2905 750 2989 itaque
764 2904 829 2968 hos
844 2904 888 2968 de
904 2906 1025 2990 quihus
1041 2908 1169 2992 agimm
1183 2931 1304 2975 versus
1319 2911 1393 2977 libri

281 3003 420 3072 secundi
436 3003 504 3068 duo
521 3001 684 3068 Marullus
699 3003 845 3090 pessimo
861 3004 1001 3068 consilio
1020 3005 1141 3080 eiecit,
1166 3027 1307 3093 eumque
1323 3018 1391 3074 tur·

176 3137 185 3152 ·
279 3104 415 3191 pissime
427 3102 750 3190 praeterhraotium
759 3100 923 3188 Piumque
933 3123 1047 3167 omnes
1060 3103 1167 3167 secuti
1178 3115 1391 3172 sunt.emen·

279 3202 383 3268 dandi
395 3221 478 3264 vero
491 3201 652 3264 rationem
663 3199 851 3284 poetaipse
863 3199 1012 3276 ostendit
1028 3245 1035 3275 ,
1056 3221 1130 3265 cum
1145 3223 1254 3287 prope
1265 3205 1391 3276 eaden).

278 3309 318 3365 ut
332 3299 421 3364 solet
440 3345 448 3370 ,
470 3299 590 3362 iterum
614 3297 699 3360 dixit
713 3297 747 3359 in
756 3296 847 3389 libro
862 3319 893 3372 v,
906 3297 985 3364 1228
999 3345 1007 3372 ,
1023 3299 1274 3384 Iudssperotorem
1288 3305 1392 3368 classes

277 3419 370 3482 saper
390 3417 525 3480 captura
545 3395 639 3457 veuit
663 3395 738 3456 Cum
758 3395 869 3457 validis
885 3397 1005 3478 pariter
1030 3397 1195 3481 lepioue'bus
1219 3411 1308 3487 atque
1333 3404 1391 3467 ele·

271 3493 399 3580 planatis
419 3539 425 3552 .
451 3513 492 3554 ex
514 3491 634 3575 quibus
650 3491 793 3576 epp'aret
807 3491 892 3555 haec
906 3493 953 3556 ita
967 3492 1112 3580 legenda
1127 3517 1200 3560 esse
1215 3547 1223 3574 ,
1238 3497 1390 3565 Stemidiis

276 3591 461 3676 magnusque
475 3589 967 3668 snnrunurrseonstodilitus,
987 3591 1247 3675 Ouratusormis,
1269 3619 1388 3662 varr-

278 3709 354 3752 nss
368 3733 377 3762 ,
393 3707 600 3761 esarrsno
609 3707 656 3749 os
668 3688 820 3750 minutos
834 3737 842 3751 .
855 3688 888 3751 in
901 3709 1001 3754 versu
1012 3692 1126 3777 priore
1136 3715 1246 3780 neque
1259 3696 1389 3782 Ερίειινί

277 3808 387 3871 neque
402 3787 546 3870 φιόιινωι
560 3784 701 3848 subsidiis
714 3785 810 3849 locus
826 3806 901 3850 esse
915 3797 1030 3872 potest
1045 3813 1052 3853 ε
1077 3791 1184 3856 altera
1199 3793 1284 3857 enim
1299 3795 1389 3859 nulla

277 3891 373 3958 sunt,
385 3882 492 3947 altera
504 3888 611 3967 potta
623 3905 726 3948 sanus
739 3886 890 3950 sociorum
905 3885 1068 3963 dixisset,
1086 3889 1196 3974 neque
1209 3891 1244 3954 in
1259 3891 1388 3957 Tuscu-

276 3982 363 4046 lanis
373 4004 404 4060 ν,
416 3981 475 4044 116
487 3979 604 4045 Cicero
616 3983 663 4046 ita
675 3982 787 4047 dicere
799 3986 910 4070 potuit
921 3989 1056 4072 eptmrrei
1064 3990 1161 4050 nosti
1167 4037 1176 4068 ,
1189 4009 1386 4074 quamquam

276 4080 346 4144 scio
361 4079 550 4164 φὲὀαιανιιιιι
564 4081 764 4146 vocabulum
778 4083 813 4147 in
828 4105 892 4148 usu
905 4084 1101 4148 Latinorum
1122 4085 1228 4150 fuisse
1244 4136 1252 4151 .
1272 4087 1334 4152 sed
1354 4095 1387 4151 et

275 4175 446 4265 elepdaruos
468 4183 503 4240 et
523 4177 558 4240 in
580 4179 688 4244 altero
710 4202 813 4244 versu
834 4183 952 4245 validos
972 4181 1122 4269 legiones
1144 4185 1229 4250 liber
1252 4187 1386 4270 quintus

275 4284 343 4341 tam
359 4281 477 4360 aperte
492 4276 703 4342 commendat
716 4285 755 4342 ut
769 4276 916 4342 dubitari
930 4279 987 4343 vix
1001 4281 1129 4366 possit.
1142 4289 1325 4346 eaeautem
1341 4282 1385 4346 le·

273 4377 391 4460 giones
414 4373 516 4438 armis
536 4381 676 4440 ornatae
697 4395 813 4440 omnes
832 4375 921 4440 inter
941 4397 977 4441 so
991 4381 1115 4464 pariter
1136 4383 1290 4446 aestuosae
1312 4401 1384 4445 essa

275 4471 417 4546 debent,
428 4477 467 4536 ut
476 4471 560 4552 sint,
573 4492 671 4556 quem
684 4471 865 4539 admodum
875 4473 1015 4540 Plautus
1025 4475 1150 4542 dicitin
1159 4477 1384 4544 Bacchidibus
