2970 5268
638 471 685 540 111

14 521 16 600 i

14 615 16 696 i
105 655 138 709 et
153 653 255 709 tamen
270 644 362 709 haud
377 665 544 731 quaquam
560 653 793 712 nostrostune
806 649 862 712 iiia
877 671 938 735 per
953 659 1046 715 artus

102 760 196 846 longe
209 761 249 824 ab
265 759 435 824 sensiferis
451 760 632 846 primordia
647 761 792 826 motibus
808 774 934 837 errant,

44 893 82 936 aaa
101 897 173 938 eum
186 883 360 960 correptus
373 874 475 939 homo
492 883 538 940 ex'
548 897 668 940 somno
683 897 719 939 se
734 877 860 963 colligit
873 880 959 964 ipse.

102 989 199 1053 multo
212 989 311 1074 igitur
325 997 467 1052 mortem
483 991 589 1054 minus
605 989 649 1054 ad
665 1011 729 1054 nos
743 1011 816 1054 esse
832 993 1068 1078 putandumst3

101 1106 242 1168 siminus
258 1124 331 1167 esse
346 1111 461 1189 potest
476 1125 575 1189 quam
591 1104 683 1190 quod
699 1107 745 1170 nil
760 1126 836 1170 esse
848 1107 1015 1174 videmus:

83 1217 201 1283 'maior
213 1220 298 1283 enim
313 1219 433 1282 turbae
447 1217 605 1298 disiectus
620 1221 770 1284 materiai

100 1333 310 1418 consequitur
324 1334 409 1408 leto,
419 1355 482 1397 nee
496 1335 672 1420 quisquam
688 1335 881 1421 expergitus
897 1345 1025 1412 exstat,

44 1465 81 1507 aro
98 1448 213 1534 frigida
227 1471 324 1534 quem
340 1447 443 1510 semel
458 1455 509 1510 est
522 1449 603 1514 vitai
618 1450 724 1535 pausa
738 1460 867 1514 secuta.

14 1559 16 1662 i
138 1564 286 1648 Denique
301 1564 329 1626 si
344 1581 461 1626 vocem
475 1584 585 1626 rerum
601 1573 721 1628 namra
735 1572 874 1650 repente

14 1675 15 1684 ’
98 1679 202 1743 mittat
217 1687 250 1742 et
263 1678 329 1741 hoe
344 1677 440 1742 alieni
455 1688 605 1742 nostrum
620 1680 668 1743 sio
682 1680 835 1766 increpet
847 1681 937 1767 ipsa,

95 1786 181 1877 'quid
196 1794 254 1858 tibi
269 1801 365 1857 tanto
380 1801 533 1878 operest,
544 1794 692 1858 mortalis
702 1843 709 1869 ‚
721 1795 813 1879 quod
828 1796 923 1859 nimis
938 1798 1049 1883 aegris

14 1875 16 1976 i
96 1907 235 1972 luctibus
248 1906 430 1994 indulges?
440 1907 521 1993 quid
535 1915 676 1972 mortem
690 1910 858 1995 congemis
874 1933 914 1976 ac
928 1911 1011 1976 fles?

14 2007 15 2096 ζ
41 2037 76 2080 ue
94 2043 166 2085 nam
180 2023 284 2108 gratis
299 2021 363 2087 fuit
376 2023 461 2086 haee
476 2023 534 2088 tibi
549 2024 619 2086 vita
634 2031 713 2088 ante
728 2033 805 2089 aeta
818 2027 994 2113 priorque,

96 2146 127 2200 et
140 2159 209 2200 non
223 2139 333 2202 omnia
346 2141 517 2223 pertusum
533 2147 694 2224 congesta
710 2142 805 2226 quasi
819 2141 853 2204 in
868 2161 931 2204 vas

95 2249 267 2315 commoda
280 2251 465 2337 perfluxere
481 2262 582 2337 atque
596 2254 728 2338 ingrata
741 2256 917 2319 interiere:

95 2389 152 2430 our
165 2387 234 2430 non
247 2373 286 2430 ut
299 2365 417 2453 plenus
432 2368 521 2432 vitae
537 2367 679 2431 conviva
692 2368 840 2444 recedis,

93 2502 201 2567 aequo
215 2482 389 2567 animoque
405 2481 498 2568 napis
513 2500 663 2546 securam
674 2533 681 2559 ‚
693 2483 813 2560 stulte,
826 2485 996 2569 quietem?

14 2671 15 2678 ἵ
40 2613 74 2656 uo
93 2598 142 2660 sin
156 2617 296 2681 eaquae
310 2594 437 2660 fruetus
453 2619 594 2684 cumque
610 2619 646 2662 es
661 2598 791 2684 periere
806 2599 960 2684 profusa,

14 2719 16 2830 q
92 2712 225 2798 sitaque
239 2711 272 2774 in
288 2709 465 2788 offensust,
476 2735 537 2777 our
551 2714 690 2799 amplius
705 2712 833 2778 addere
848 2717 996 2800 quaeris,

14 2831 15 2844 ²
91 2847 221 2890 rursum
235 2825 327 2912 quod
342 2835 458 2911 pereat
470 2827 555 2892 maie
570 2836 604 2892 et
617 2829 783 2913 ingratum
798 2829 933 2895 occidat
947 2853 1061 2908 omne,

91 2963 157 3005 non
171 2942 284 3028 potins
299 2941 386 3005 vitae
400 2941 497 3006 finem
511 2941 593 3006 facis
608 2950 710 3027 atque
723 2943 873 3007 laboris?
998 2925 1002 2932 ¹

90 3077 164 3120 uam
180 3057 239 3121 tibi
253 3063 429 3143 praeterea
444 3055 538 3141 quod
551 3056 720 3120 machiner
733 3057 980 3142 inveniamque,

41 3183 74 3229 us
92 3170 184 3256 quod
198 3169 403 3257 placeat,nil
419 3179 487 3233 est:
499 3170 615 3235 eadem
630 3179 709 3234 sunt
724 3171 835 3234 omnia
848 3192 995 3258 semper.

90 3289 114 3350 si
132 3286 190 3350 tibi
205 3308 273 3351 non
287 3286 382 3349 annis
398 3306 519 3372 corpus
534 3287 599 3350 iam
612 3293 740 3348 marcet
755 3293 789 3349 et
802 3293 895 3350 artus

92 3401 234 3466 confecti
248 3401 424 3487 languent,
436 3399 550 3464 eadem
565 3409 675 3466 tamen
691 3401 800 3464 omnia
815 3410 960 3476 restent,

90 3517 196 3580 omnia
210 3517 239 3579 si
254 3535 375 3602 pergas
391 3514 534 3580 vivendo
549 3517 682 3580 vincere
697 3515 822 3591 saecla,

89 3641 189 3716 atque
204 3632 303 3695 etiam
317 3632 447 3717 potius,
458 3631 487 3694 si
500 3651 679 3716 numquam
693 3631 740 3694 sis
752 3631 934 3695 moriturus
942 3633 958 3706 ,⁹

39 3758 72 3803 uu
90 3745 169 3831 quid
182 3744 445 3832 respondemus,
455 3746 518 3808 nisi
531 3746 651 3809 iustam
664 3744 840 3810 intendere
855 3747 945 3810 litem
1034 3765 1038 3770 ·

87 3873 239 3926 naturam
254 3871 288 3925 et
302 3880 416 3924 voram
430 3861 542 3924 verbis
559 3881 726 3945 exponere
740 3861 899 3925 eausam?

37 3984 70 4032 ⁹³5
86 3975 244 4061 grandior
259 3975 410 4042 hisvero
425 3975 452 4038 si
466 3975 531 4040 iam
545 3974 723 4060 seniorque
739 3984 900 4060 queratur

37 4102 69 4147 ⁹³2
87 4101 185 4176 atque
201 4092 328 4157 obitum
342 4089 542 4154 lamentetur
556 4089 656 4156 miser
671 4090 812 4176 amplius
825 4113 951 4177 aequo,

89 4278 154 4284 --—-
158 4278 287 4286 -—-

88 4377 134 4422 935
155 4371 220 4424 haee
237 4379 370 4426 omnum.
396 4372 406 4442 Η
433 4378 480 4424 941
501 4371 633 4426 offensost
655 4374 664 4442 Η
689 4379 737 4426 943
757 4373 820 4427 iaris
838 4375 849 4442 ss
873 4375 1029 4446 erupisset
1055 4375 1065 4442 Η
1087 4379 1136 4427 947
1157 4373 1214 4425 isn-

87 4467 184 4524 gurute
202 4455 212 4524 υ
231 4463 328 4510 restat.
347 4455 357 4524 ΙΙ
377 4462 427 4508 948
444 4471 540 4526 perges
560 4457 571 4528 ss
588 4463 637 4508 950
656 4458 678 4508 si
