3034 5198
262 395 306 464 54
805 391 821 458 Ι

261 567 445 654 elegantius
455 563 584 630 iudicat
595 581 695 648 quam
706 560 799 646 quod
807 561 1054 648 scripsithomo
1063 581 1216 626 sanusac
1228 561 1371 646 simplex

260 663 443 738 Marullus,
454 662 539 727 liuud
551 661 612 724 ull>
627 679 756 724 naono
767 707 773 722 .
784 659 834 722 ita
847 660 1062 725 membranae
1076 659 1112 722 in
1126 681 1162 734 ιι,
1171 658 1249 723 750.

343 761 413 826 805.
445 759 502 825 Es
538 779 623 821 uisi
658 773 891 820 concussas
934 777 1143 820 iununusr
1184 777 1372 822 nsusoaa

262 855 434 936 causac,
450 859 646 922 inomaus
660 877 707 918 nn
722 875 824 918 nana
840 873 1228 918 uinnonunnssnssn
1243 875 1372 918 vacin-

262 979 364 1022 aasn
384 1006 391 1020 .
413 958 577 1030 Soccus
607 975 682 1018 sun
709 974 784 1017 sao
807 973 938 1016 nnana
960 973 1092 1016 sovsn
1115 973 1372 1026 nninninoos

264 1075 479 1118 canonum.
504 1051 713 1117 Casscsns
735 1071 815 1112 non
831 1070 1002 1114 nossnss
1018 1069 1373 1114 aeneasannos-tn

261 1172 489 1216 mucuns
506 1197 513 1213 .
532 1147 726 1214 Priscianus
747 1169 780 1232 p.
797 1147 883 1221 768,
902 1147 961 1212 ubi
980 1145 1024 1210 de
1038 1147 1104 1210 tabe
1119 1145 1268 1212 ablativo
1283 1147 1373 1232 agit,

261 1251 382 1314 horum
393 1255 525 1334 partem
535 1248 585 1311 ita
605 1247 763 1331 scriptam
782 1245 921 1310 exhibet
936 1291 944 1318 ‚
964 1243 1116 1310 Imbribus
1128 1254 1162 1308 ut
1174 1245 1242 1308 tabe
1254 1245 1372 1308 wado

260 1371 330 1412 rain
345 1349 469 1412 ardema
482 1345 621 1410 cacillant
639 1392 645 1406 .
665 1342 802 1429 regulas
823 1340 1047 1428 prosodiacae
1065 1361 1150 1426 quas
1165 1337 1272 1406 edidit
1285 1340 1373 1406 Bar·

260 1445 353 1510 thius
374 1446 410 1508 in
432 1443 703 1508 adversariorum
724 1441 890 1516 munli
913 1462 945 1524 p.
959 1439 1035 1505 1691
1069 1439 1199 1502 Vecillnt
1219 1439 1307 1504 breve
1329 1451 1375 1504 est

261 1543 347 1626 apud
356 1541 559 1608 Lucretium.
577 1582 589 1607 .
606 1539 730 1602 ostiola
739 1537 899 1602 uodlhnt.
912 1536 1098 1601 orationem
1112 1536 1373 1620 incompositam

262 1643 297 1702 et
311 1635 509 1701 dissolutam
524 1656 599 1700 cum
614 1633 907 1700 animadvertisset
922 1633 1109 1708 Marullus,
1129 1633 1266 1717 scripsit
1284 1635 1372 1698 Ores-

262 1757 329 1804 eere
341 1736 387 1798 mi
392 1736 512 1820 possint
527 1782 534 1796 .
553 1732 659 1798 multo
679 1732 788 1796 minus
808 1730 996 1816 prudenter
1009 1730 1192 1795 Lambinus
1209 1731 1373 1808 socium,

260 1838 306 1914 nt,
314 1832 597 1918 coniungerentur
610 1828 713 1904 haec,
724 1841 759 1894 et
766 1830 796 1893 si
809 1831 874 1894 lohe
887 1830 1059 1894 iciodorum
1069 1829 1193 1894 urbicio
1206 1829 1373 1910 vaduam,-

261 1951 330 2013 quo
345 1929 383 1993 fit
397 1930 484 1994 utin
499 1927 698 1994 condicione
712 1937 861 2012 ponatur
874 1927 1014 1992 effectus
1034 1975 1042 1989 .
1065 1933 1184 1991 neuter
1203 1926 1374 1991 intellexit

262 2025 305 2090 de
325 2026 407 2092 solis
427 2027 558 2092 arbustis
577 2026 718 2113 primum
737 2026 852 2112 inepte
873 2024 968 2090 dicte
987 2045 1062 2090 esse
1083 2044 1171 2110 quae
1186 2023 1310 2090 deinde
1324 2025 1373 2090 ad

252 2124 364 2210 stupea
377 2125 501 2190 orbiuta
516 2124 680 2189 mimano
694 2123 904 2189 referrentur
920 2170 928 2187 .
943 2123 1059 2206 itaque
1082 2143 1124 2186 ne
1146 2120 1238 2186 illuni
1259 2125 1371 2208 ipsum

260 2243 418 2298 versum,
433 2245 531 2308 quam
547 2245 567 2288 a
580 2222 755 2288 Prisciauo
770 2223 894 2287 lectum
908 2221 1050 2295 scimus,
1066 2239 1226 2306 cogemur
1241 2219 1371 2296 delere,

258 2321 451 2386 traiciamus
465 2322 579 2406 potius
594 2329 629 2385 et
644 2319 860 2385 emendemus
873 2319 941 2384 hoc
955 2317 1073 2382 modo.
1086 2317 1130 2382 Et
1141 2320 1202 2382 uici
1215 2329 1373 2405 tempestas

259 2419 417 2502 indulpet,
437 2429 569 2501 tempore
580 2417 688 2503 fausto
705 2465 713 2491 ,
733 2417 846 2502 Solque
866 2441 923 2480 sico
938 2439 999 2501 pro
1014 2414 1198 2500 partesooel
1210 2417 1372 2504 tribuitque

260 2515 411 2591 calorem,
430 2513 581 2576 Imbribus
595 2524 624 2576 et
636 2514 703 2576 tabe
716 2514 888 2576 nimborum
901 2534 1091 2577 annosus
1102 2515 1263 2590 cociam,
1281 2515 1370 2579 Cres-

260 2631 327 2672 cere
341 2631 402 2672 coa
409 2608 644 2694 possialsmeqes
658 2609 782 2672 ardenta
796 2611 960 2674 animantis
977 2657 983 2672 .
1004 2611 1116 2674 omnia
1131 2657 1139 2684 ‚
1158 2611 1268 2696 inquit
1284 2659 1292 2687 ,
1309 2613 1371 2678 im·

260 2706 368 2770 brium
382 2705 509 2791 frigore
523 2706 661 2770 ambusta
671 2705 828 2770 vacillent
843 2714 946 2792 atque
956 2715 1094 2774 nutent.
1104 2707 1262 2772 Valerius
1273 2707 1370 2774 Flac·

260 2825 320 2868 cus
333 2804 369 2867 in
383 2827 427 2882 iv,
436 2803 477 2868 70
491 2802 580 2868 Haec
593 2805 638 2868 nit
650 2801 768 2889 (vulgo
785 2803 861 2869 Emit
873 2804 944 2889 nbi)
960 2853 966 2867 .
990 2830 1006 2870 e
1019 2806 1167 2890 scopulis,
1177 2807 1278 2870 medin
1291 2809 1371 2874 icta

251 2901 372 2986 patulo
393 2901 456 2964 diri
476 2901 609 2968 Vulturis
625 2947 634 2975 ‚
652 2903 716 2986 ipse
736 2902 826 2966 etiam
841 2903 956 2987 yemitu
975 2914 1147 2989 meumque
1156 2903 1275 2990 satipat
1293 2905 1370 2970 Voce

259 2999 361 3062 Iovem
378 3046 387 3074 ,
405 3001 501 3065 saevis
514 3002 651 3065 relevans
667 3001 803 3064 ammata
811 3003 936 3086 pruinis
949 3001 1088 3066 Lentim
1104 3049 1111 3063 .
1133 2997 1315 3068 Columella
1334 3005 1369 3068 in

258 3094 392 3170 x1,3.13
406 3097 711 3184 bnmtaesriporibus
725 3100 885 3183 etpminis
895 3099 1095 3173 inurendum,
1108 3098 1187 3162 etin
1198 3101 1279 3174 x,74
1289 3123 1369 3187 qnae
1428 3121 1431 3128 ’
1482 3149 1483 3186 p

259 3195 342 3256 conis
356 3195 476 3257 iaceant
488 3195 607 3258 urendo
614 3196 740 3278 pruinis
758 3243 764 3256 .
786 3194 879 3278 quod
898 3196 927 3259 si
942 3197 996 3259 cui
1009 3193 1100 3259 forte
1112 3195 1199 3260 haec
1212 3197 1248 3262 in
1262 3199 1369 3262 versi·
1482 3247 1483 3252 ι

257 3291 322 3356 bus
338 3289 472 3354 duobus
488 3291 655 3354 continuis
670 3291 783 3375 posite
798 3290 997 3375 displicent,
1017 3293 1113 3377 qnasi
1127 3315 1212 3358 sono
1226 3295 1315 3358 inter
1331 3316 1368 3359 sa

257 3389 354 3454 nimis
369 3387 488 3452 similia
502 3389 571 3452 sint
586 3435 594 3463 ‚
614 3389 751 3452 amunta
765 3391 906 3454 vacilleut
920 3439 929 3470 ‚
948 3391 1071 3456 artano
1086 3394 1247 3456 animantis
1261 3442 1269 3472 ,
1288 3393 1368 3458 mihi

258 3508 300 3550 ne
311 3485 431 3550 similia
442 3485 577 3572 quidem
585 3485 762 3562 videntur,
773 3487 835 3551 sed
846 3489 1014 3552 cantantum
1025 3488 1136 3554 media
1146 3489 1257 3554 vocali
1267 3490 1369 3577 longa

258 3582 437 3650 dicendum
460 3584 613 3648 existimo
635 3633 642 3648 .
661 3605 737 3648 nem
757 3585 935 3670 participia
955 3587 1093 3670 passiva
1113 3609 1154 3652 ea
1174 3609 1317 3674 quorum
1330 3589 1367 3652 in

257 3685 429 3767 praesenti
444 3702 635 3747 consonans
651 3690 704 3748 est
718 3691 777 3746 aut
787 3683 916 3768 liquida
927 3693 1012 3750 nuta
1022 3685 1250 3760 semivocalis,
1259 3705 1366 3769 quen·

245 3779 388 3860 'litatem
398 3781 589 3867 praesentis
601 3788 885 3867 secuntumpestuu
895 3785 1013 3868 depacto
1021 3793 1112 3848 tosto
1122 3782 1367 3868 cor1ipiuntur,

222 3861 241 3886 d
258 3877 491 3961 producuntur
507 3905 612 3945 celicias
626 3891 709 3944 auco
716 3881 838 3966 pisum
853 3882 933 3946 item
940 3893 1103 3967 proruptus
1116 3882 1251 3965 demptus
1263 3904 1366 3966 consp-

257 3985 304 4038 tus
322 3983 360 4038 ut
373 3998 485 4060 pronao
507 3990 541 4040 ct
563 3985 677 4042 cetera
695 4026 704 4052 ‚
724 3977 821 4042 aliter
841 3990 955 4063 ιηιιριιιε
964 4001 1088 4063 pressus
1102 3979 1222 4042 adanu
1235 3979 1367 4064 sepositus

252 4073 360 4158 pulsus
379 4073 480 4136 maletus
499 4075 596 4136 salsus
616 4087 721 4138 caldus
740 4077 810 4138 litus
829 4077 938 4138 desitus
958 4087 1139 4161 contemptus
1152 4089 1265 4161 ponus
1284 4087 1367 4142 saus

258 4191 363 4232 aarum
378 4175 412 4232 et
427 4191 448 4231 a
461 4170 629 4235 verrendo
644 4195 746 4236 vernae
763 4221 769 4234 .
790 4179 911 4236 contra
926 4173 984 4236 nbi
1004 4173 1039 4238 in
1063 4175 1234 4261 praesenti
1255 4173 1367 4240 media

258 4273 311 4331 est
328 4313 336 4339 ,
354 4266 533 4351 participia
546 4268 782 4352 producuntur
795 4293 802 4346 ;
819 4289 930 4353 nequo
943 4270 1053 4334 minus
1066 4282 1184 4356 sorpto
1192 4319 1200 4352 ,
1212 4280 1250 4336 ut
1263 4281 1365 4357 pute,

256 4384 353 4451 quam
371 4363 473 4450 lapsus
485 4367 607 4450 pluptca
621 4379 716 4451 raupta
729 4368 857 4451 scriptio
876 4370 973 4432 laianu
988 4394 1000 4450 ‚·
1018 4369 1097 4432 item
1117 4377 1157 4434 ut
1177 4393 1275 4434 cessus
1285 4372 1366 4460 fleus
