3034 5204
664 340 715 409 VI

109 514 251 578 forsitan
270 533 322 578 ex
335 511 409 599 ipso
425 513 561 578 veniens
575 513 689 579 trahet
702 521 779 580 aare
795 516 957 602 quaedam

109 649 277 716 corpora,
292 648 383 714 qnae
397 627 504 714 plagis
517 627 702 694 incendunt
713 629 947 697 mobilitatem.

107 742 362 828 incolumisque
377 742 469 807 venit
482 764 543 830 per
557 765 612 809 res
627 753 729 830 atque
743 746 873 832 integra
889 749 1010 815 transit

107 857 205 920 multa
215 907 225 932 ‚
237 857 466 922 foraminibus
480 856 627 942 liquidus
643 859 720 944 quia
736 861 921 926 transvolat
934 863 1034 949 ignis.

66 986 91 1027 'a
106 972 286 1058 multaque
304 971 452 1058 pertigit,
467 993 541 1037 eum
556 993 701 1059 corpora
714 972 858 1040 fulminis
873 977 946 1062 ipsa

107 1087 319 1172 corporibus
333 1108 443 1151 rerum
457 1086 663 1166 inciderunt,
679 1109 745 1174 qua
758 1096 852 1156 texte
867 1097 1038 1157 tenentur.

108 1198 272 1267 dissoluit
289 1223 393 1288 porro
407 1201 503 1266 facile
518 1223 576 1266 aes
591 1223 774 1289 aurumque
788 1213 928 1292 repente

106 1316 274 1380 conferve
290 1314 388 1392 facit,
400 1338 418 1380 e
432 1317 544 1404 parvis
560 1317 638 1402 qnia
650 1317 741 1382 faeta
754 1318 880 1384 minute

107 1431 317 1516 corporibus
332 1431 383 1496 vis
398 1438 450 1496 est
464 1440 499 1495 et
512 1432 641 1497 levibus
656 1453 698 1496 ex
714 1433 899 1510 elementis,

62 1553 89 1599 tn
106 1565 189 1628 quae
204 1546 315 1638 facile
328 1545 536 1610 insinuantur
551 1554 585 1611 et
598 1547 770 1658 insinuata
776 1556 916 1634 repente

108 1656 310 1726 dissoluont
324 1658 435 1724 nodos
450 1661 556 1725 omnis
572 1669 605 1726 et
620 1662 728 1728 vincla
740 1663 911 1728 relaxant.
930 1691 933 1696 ·

107 1782 343 1860 autumnoque
358 1775 461 1861 magis
476 1775 581 1840 stellis
595 1775 799 1862 fulgentibus
815 1785 896 1865 apta

108 1891 307 1956 concutitur
323 1890 405 1954 caeli
420 1888 538 1954 domus
554 1889 702 1976 undique
718 1898 855 1978 totaque
870 1893 986 1970 tellus,

110 2009 235 2068 etcum
252 2013 407 2090 tempora
422 1985 560 2068 severis
576 2005 729 2070 florentia
743 2006 910 2093 pandunt.

48 2123 91 2173 ¹nli
107 2113 234 2202 sn'gore
252 2119 340 2183 enim
356 2118 478 2184 desunt
492 2120 585 2205 ignes
595 2167 602 2194 ,
614 2121 772 2206 ventique
788 2120 900 2184 calore

50 2265 51 2316 l
112 2227 277 2298 deficiunt
289 2255 400 2319 neque
414 2240 495 2298 sunt
508 2241 576 2297 tam
591 2232 696 2296 denso
712 2255 854 2320 corpore
868 2234 988 2299 nubes.

109 2343 345 2434 interutraque
359 2349 459 2434 igitur
474 2368 548 2411 oum
563 2347 644 2412 caeli
659 2355 812 2433 tempora
827 2356 999 2422 constant,

112 2466 178 2525 tum
193 2440 312 2528 variae
327 2483 448 2528 causae
463 2471 669 2528 concurrunt
682 2462 826 2528 fulminis
843 2485 974 2529 ornnes:

112 2594 184 2639 nam
198 2577 311 2642 fretus
325 2578 398 2662 ipse
413 2579 490 2641 anni
504 2578 683 2666 permiscet
696 2578 800 2668 frigus
816 2588 850 2644 et
864 2587 1008 2655 aestum,

49 2697 95 2775 ¹¹:nn
113 2709 256 2773 quorum
269 2701 448 2778 utrumque
463 2714 548 2780 opus
564 2702 616 2760 est
630 2693 825 2759 fabricanda
840 2693 884 2758 ad
898 2695 1035 2760 fulmina
1049 2698 1143 2772 nubi,
1242 2717 1246 2724 ’

114 2815 148 2868 ut
161 2805 337 2872 discordia
351 2808 396 2874 sit
410 2828 519 2871 rerum
534 2819 723 2894 magnoque
739 2809 880 2874 tumultu

114 2916 247 3003 ignibus
263 2931 296 2986 et
310 2923 418 2986 ventis
432 2922 633 2987 furibundus
648 2922 788 2986 fluctuet
802 2928 873 2986 aer.

49 3076 51 3152 ἱ
116 3053 218 3116 pruma
234 3037 355 3102 caloris
372 3037 457 3101 enim
472 3059 551 3124 pars
567 3044 619 3099 est
634 3043 804 3121 postrema
817 3035 952 3121 rigoris

50 3157 52 3214 l
116 3155 246 3240 tempus
260 3161 299 3216 ut
314 3159 367 3217 est
380 3173 517 3217 vernum
528 3175 536 3228 3
548 3171 652 3234 quere
667 3171 817 3236 pugnare
831 3143 1005 3214 necessest

67 3264 99 3316 tn
118 3258 282 3332 dissimilis
296 3268 382 3331 inter
397 3289 433 3332 se
447 3288 503 3332 res
517 3266 721 3351 turbareque
736 3265 873 3330 mixtas:

50 3351 52 3436 l
118 3385 148 3441 et
162 3383 256 3447 calor
272 3389 440 3446 extremus
454 3383 561 3469 primo
576 3403 650 3446 eum
665 3381 789 3468 frigore
804 3378 925 3444 mixtus

117 3494 277 3572 volvitur,
289 3497 437 3561 autumni
453 3495 545 3582 quod
558 3495 665 3560 fertur
678 3496 811 3559 nomine
826 3505 973 3580 tempus,

118 3601 166 3672 hie
182 3632 319 3697 quoque
335 3610 518 3696 confligunt
531 3610 657 3674 hiemes
672 3609 854 3674 aestatibus
869 3629 979 3673 aeres.

118 3734 295 3812 propterea
309 3725 395 3791 freta
410 3731 488 3790 sunt
501 3723 586 3788 haec
601 3725 677 3789 enni
692 3720 934 3796 nominitanda‚

121 3937 316 3952 κ--ιψ

121 4069 164 4119 346
181 4072 246 4125 herc
262 4073 272 4142 ll
293 4077 342 4125 349
360 4073 490 4127 transviat
506 4074 516 4143 ll
537 4077 587 4125 356
605 4071 691 4123 vincla
709 4071 720 4140 ΙΙ
738 4076 787 4123 357
806 4069 872 4122 alta·
896 4069 906 4138 ll
933 4071 982 4119 359
1001 4066 1038 4118 ris
1065 4065 1076 4134 ΙΙ
1102 4071 1151 4119 360
1170 4066 1243 4120 celo·

120 4163 170 4204 ¹08.
201 4155 212 4224 ΙΙ
240 4161 289 4207 362
307 4155 381 4208 Inter
398 4165 523 4228 utrasque
553 4156 563 4226 ΙΙ
594 4161 642 4209 364
662 4161 840 4208 atomorum.
871 4152 882 4220 ΙΙ
911 4155 959 4202 363
978 4149 1067 4203 nobis.
1098 4149 1109 4219 ll
1139 4153 1189 4200 366
1207 4149 1244 4200 sit

121 4245 249 4298 ommam,
276 4238 287 4307 ll
316 4245 364 4292 366
383 4240 486 4310 ligeris.
514 4239 524 4309 ΙΙ
552 4245 601 4292 363
620 4238 647 4292 id
674 4238 683 4308 ll
712 4243 761 4290 370
781 4253 825 4290 ros
843 4242 977 4290 umbram.
996 4235 1007 4302 ΙΙ
1031 4240 1079 4310 372
1097 4233 1214 4285 Vovitur
1232 4231 1243 4298 ΙΙ

122 4317 164 4372 tlt
181 4320 252 4375 freta
269 4329 401 4377 emmaum.
677 4321 679 4326 ’
