2970 5268
261 459 328 527 172
805 459 835 524 V

256 633 435 698 seminibus
450 632 620 716 multoque
637 633 809 696 ininoribu'
824 643 903 696 sunt
918 617 1088 700 elementis

258 770 355 835 quam
372 748 471 813 tellus
482 798 489 811 .
499 747 595 820 iden,
608 769 667 833 per
682 770 759 812 rara
773 749 953 822 foramina,
964 759 1075 814 terrae

232 859 238 870 ”
257 864 408 950 partibus
424 885 599 949 erumpens
616 864 739 948 primus
754 885 791 926 se
806 863 941 927 sustulit
954 863 1071 928 aether

255 977 373 1064 ignifer
388 987 423 1042 et
437 979 558 1043 multos
574 999 685 1042 secum
703 979 784 1042 levis
800 978 940 1042 abstulit
952 979 1059 1063 ignis,'
1117 993 1127 1012 ‘

184 1111 233 1157 tao
255 1115 322 1158 non
338 1093 401 1158 alia
416 1093 513 1179 longe
528 1095 658 1158 ratione
674 1115 712 1157 ac
728 1115 830 1178 saepe
846 1092 1017 1166 videntur,

257 1229 358 1272 aurea
372 1229 445 1271 cum
461 1210 600 1294 primum
616 1209 811 1294 gemmantis
825 1230 902 1272 rorc
917 1228 977 1292 per
994 1196 1117 1273 herbas

256 1323 418 1388 matutina
432 1323 554 1387 rubent
567 1322 686 1387 radiati
701 1322 823 1386 lumina
839 1323 935 1397 solis,

256 1439 388 1502 exalare
403 1438 494 1502 lacus
509 1438 663 1502 nebulam
678 1437 835 1522 fluviique
852 1459 1045 1523 perennes,-

254 1555 394 1639 ipsaque
408 1561 447 1616 ut
461 1553 548 1618 inter
564 1552 641 1617 dum
657 1553 755 1616 tellus
771 1552 898 1617 fumare
915 1551 1065 1624 videtum

186 1685 233 1731 466
257 1669 366 1732 omnia
381 1689 467 1753 quae
481 1689 610 1731 sursum
627 1690 699 1730 curn
716 1668 995 1742 conciliantur‚in
1010 1667 1079 1732 alto

254 1805 396 1868 corpore
412 1791 570 1846 concreto
585 1784 767 1847 subtexunt
782 1783 894 1846 nubila
909 1783 1051 1847 caelum.

254 1899 415 1984 sicigitur
429 1907 499 1962 tum
514 1918 551 1961 se
567 1898 648 1962 levis
664 1920 703 1961 ac
718 1896 869 1962 diffusilis
884 1897 1001 1962 aether

253 2033 396 2099 corpore
411 2021 568 2077 concreto
585 2014 706 2076 circuni
723 2011 823 2077 datus
838 2011 985 2098 undique
1000 2012 1091 2078 flexit

254 2139 289 2193 et
301 2129 368 2193 late
385 2127 523 2193 diffusus
536 2128 571 2191 in
587 2129 692 2192 omnis
706 2127 855 2212 undique
871 2128 977 2213 partis

181 2261 229 2307 476
253 2245 362 2309 omnia
376 2245 424 2309 sic
439 2242 539 2308 avido
555 2243 731 2328 complexu
746 2251 858 2324 cetera
872 2243 1014 2327 saepsit.

252 2358 343 2423 hunc
358 2358 497 2423 exordia
511 2366 590 2422 sunt
604 2358 684 2422 solis
700 2358 865 2442 lunaeque
880 2367 1010 2434 secuta,

251 2476 481 2559 interutraque
496 2472 585 2559 globi
603 2494 744 2558 quorum
759 2481 937 2536 vertuntur
951 2473 985 2536 in
1001 2473 1105 2548 auris3

252 2609 338 2674 quae
353 2609 462 2673 neque
477 2596 568 2651 terra
583 2587 645 2650 sibi
660 2585 805 2651 adscivit
818 2609 881 2650 nec
896 2588 1057 2652 maximus
1072 2586 1203 2661 aether,

254 2701 347 2788 quod
360 2724 469 2788 neque
483 2711 550 2766 tam
565 2701 700 2766 fuerunt
713 2701 830 2787 gravia
842 2710 880 2765 ut
895 2701 1058 2788 depressa
1072 2701 1243 2774 sederent.

181 2835 229 2882 476
251 2838 314 2881 nec
328 2816 414 2880 levia
429 2826 465 2880 ut
479 2827 620 2902 possent
635 2839 694 2902 per
709 2839 854 2882 summas
869 2817 972 2880 labier
987 2839 1079 2891 oras.

254 2941 288 2998 et
302 2940 412 2997 tamen
427 2933 657 3018 interutraque
671 2933 718 2996 ita
732 2941 827 3006 suut,
839 2941 876 2997 ut
891 2953 1035 3018 corpora
1049 2933 1127 2996 viva

253 3056 389 3112 versent
405 3056 437 3112 et
452 3039 566 3133 partes
581 3057 619 3112 ut
634 3048 747 3112 mundi
762 3049 865 3114 totius
882 3055 1013 3123 extent3

253 3161 346 3250 quod
361 3183 465 3249 genus
479 3163 513 3226 in
529 3163 625 3227 nobis
641 3163 805 3248 quaedam
820 3164 898 3228 licet
911 3164 943 3228 in
960 3163 1105 3228 statione

252 3279 399 3342 membra
413 3299 546 3341 manere
556 3327 563 3352 ‚
575 3287 685 3342 tamen
701 3301 774 3342 cum
790 3259 857 3342 sint
872 3299 910 3340 ea
925 3299 1011 3362 quae
1026 3285 1236 3342 moveantur.

180 3411 228 3458 460
249 3393 302 3458 his
316 3393 417 3479 igitur
431 3393 533 3455 rebus
547 3394 702 3456 retractis
717 3401 807 3455 terra
822 3400 975 3475 repente,

251 3527 486 3591 maxumeque
499 3527 588 3568 nunc
603 3527 640 3570 se
655 3505 748 3591 ponti
763 3505 863 3591 plaga
878 3505 1011 3569 caerula
1025 3505 1148 3582 tendit,

252 3620 394 3688 succidit
410 3629 444 3684 et
458 3620 547 3684 salso
563 3619 702 3684 suffudit
715 3620 847 3706 gurgite
861 3619 987 3684 fossas.

249 3739 352 3823 inque
368 3735 440 3801 dies
455 3744 582 3821 quanto
599 3735 721 3798 circum
737 3735 840 3820 magis
856 3734 1001 3800 aetheris
1016 3747 1130 3800 aestus

213 3936 217 3944 „
252 3861 285 3917 et
298 3851 381 3916 radii
397 3852 477 3916 solis
492 3851 659 3937 cogebant
672 3849 821 3936 undique
836 3859 976 3925 terram,

159 3953 228 4032 ’486
251 3967 445 4046 verberibus
461 3968 587 4034 crebris
603 3975 751 4031 extrema
766 3987 786 4030 a
800 3966 909 4030 limini'
925 3974 1021 4052 parte

253 4279 349 4336 esset
366 4283 376 4352 ll
396 4287 445 4336 460
464 4282 596 4336 videmus.
616 4285 626 4353 ll
645 4291 692 4337 466
707 4283 871 4354 Exulantque
897 4338 899 4351 ¹
919 4288 968 4336 468
981 4285 1095 4352 saepsit.
1117 4290 1126 4352 ll
1146 4289 1194 4336 ⁴72
1209 4282 1283 4336 lntcr
1296 4291 1383 4336 utras·

253 4383 304 4435 que
322 4363 332 4437 ΙΙ
352 4371 402 4419 476
420 4367 626 4440 interutrasque
646 4369 654 4415 'l
675 4375 720 4422 461
742 4367 819 4438 plage
838 4365 847 4434 ll
867 4371 916 4417 482
935 4361 1131 4418 salsos'offudit
1151 4365 1161 4434 ll
1180 4373 1227 4416 466
1247 4365 1281 4416 ad
1294 4365 1385 4418 limina

253 4458 368 4517 partem.
