2970 5268
633 345 697 412 1111

90 516 185 582 omnia
201 537 298 601 quae
317 517 447 582 circum
461 516 601 590 feriunt,
613 518 792 602 sonituque
809 517 951 582 cientur.

87 644 114 692 at
127 630 317 695 simulacra
333 632 399 696 vu'is
415 631 559 696 derectis
575 633 685 695 omnia
699 630 843 696 tendunt

45 764 70 806 11
86 755 114 807 ut
126 753 204 808 sunt
219 745 342 810 missa
357 745 475 822 seme13
486 767 554 830 que
568 753 708 832 propter
723 767 859 810 cernere
874 767 971 810 nemo

27 885 28 892 ¹
86 879 209 943 saepem
223 859 332 923 intra.
347 861 438 946 potis
454 867 520 934 est,
533 869 567 925 at
581 883 683 926 voces
699 860 850 944 accipere
866 871 975 924 extra.

87 981 237 1038 ettamen
254 975 344 1059 ipsa
358 996 494 1060 quoque
508 975 610 1050 hacc,
623 974 701 1038 dum
717 975 836 1039 transit
850 976 964 1040 clause
978 975 1165 1053 domorum,

84 1109 139 1149 vox
154 1088 377 1172 optunditur
392 1099 493 1174 atque
508 1089 597 1153 auris
613 1088 752 1154 contusa
766 1097 935 1176 penetrat,

86 1211 111 1263 ct
123 1202 280 1266 sonitum
300 1202 534 1288 potiusquam
552 1204 656 1268 verba
671 1203 786 1268 audire
803 1203 970 1268 videmur.

23 1325 24 1370 1
44 1331 69 1372 us
116 1313 285 1400 Nec‚qui
304 1317 467 1380 sentimus
484 1319 739 1404 sucum‚lingua
753 1327 855 1404 atque
870 1319 1017 1404 palatum

85 1429 273 1512 plusculum
290 1430 424 1496 habent
437 1431 471 1494 iu
487 1453 523 1495 se
538 1434 677 1498 rationis
692 1434 768 1518 plus
784 1455 964 1518 operaeve.

85 1543 246 1629 principio
263 1567 389 1609 sucum
405 1547 564 1610 sentimus
579 1548 612 1610 in
628 1569 703 1618 ore,
716 1547 824 1611 cibum
840 1570 915 1611 cum

84 1656 279 1725 mandendo
299 1660 512 1745 exprimimus
522 1709 530 1735 ,
542 1682 602 1724 ceu
618 1663 748 1746 plenam
764 1662 937 1748 spongiam
952 1664 1049 1748 aquai

87 1771 182 1856 siquis
198 1771 301 1837 forte
316 1795 417 1837 mauu
432 1795 583 1859 premere
598 1797 638 1840 ac
653 1777 780 1840 siccare
796 1778 921 1863 coepit.

51 1899 69 1939 u
85 1883 154 1948 iude
170 1886 276 1972 quod
294 1888 507 1974 exprimimus
523 1911 582 1974 per
599 1891 709 1954 caulas
725 1913 822 1955 omne
838 1891 940 1977 palati

89 1997 209 2064 diditur
225 2011 265 2066 et
281 2023 381 2066 rarae
395 2003 558 2089 perplexa
572 2005 734 2069 foramina
749 2005 893 2091 linguae.

88 2111 147 2177 hoc
160 2116 221 2180 ubi
236 2117 331 2182 levia
346 2125 425 2182 sunt
438 2119 601 2182 manantis
617 2141 761 2205 corpora
775 2120 863 2194 suci,

90 2230 234 2294 suaviter
251 2233 425 2318 attingunt
439 2241 473 2296 et
487 2233 633 2296 suaviter
648 2235 757 2297 omnia
773 2243 935 2306 tractant,

93 2341 197 2407 umida
211 2345 344 2433 linguai
360 2347 482 2410 circum
497 2347 641 2412 sidentia
656 2345 793 2434 templa:

45 2467 74 2509 ‘2⁵
91 2463 121 2518 at
133 2469 258 2528 contra
273 2469 428 2548 pungunt
443 2483 575 2526 sensum
590 2463 805 2547 lacerentque
821 2473 955 2538 coorta,

95 2587 215 2654 quanto
232 2597 390 2662 quaeque
406 2576 509 2661 magis
525 2585 603 2640 suut
618 2578 799 2664 asperitate
815 2579 957 2666 repleta.

93 2683 208 2751 deiude
223 2692 387 2776 voluptas
402 2697 454 2754 est
469 2713 487 2753 e
502 2712 582 2754 suco
597 2692 662 2754 tine
677 2693 795 2778 palati:

96 2819 162 2864 cum
176 2825 262 2869 vero
279 2803 437 2868 deorsum
453 2827 512 2891 per
526 2803 640 2870 fauces
656 2807 905 2893 praecipitavit,

26 2990 27 3007 χ
96 2914 178 2978 uuila
191 2921 355 3006 voluptas
372 2928 439 2993 est,
452 2919 530 2984 dum
545 2919 671 2983 diditur
686 2922 792 2984 omnis
807 2923 840 2983 iu
856 2928 949 2982 artus
967 2967 971 2980 .

25 3046 27 3113 1
52 3035 80 3080 ‘tt
97 3046 152 3091 uec
165 3033 274 3098 refert
290 3035 467 3119 quicquam
483 3055 550 3116 quo
566 3033 658 3096 victu
673 3055 796 3118 corpus
812 3033 933 3106 alatur,

27 3137 29 3187 i
101 3137 169 3208 dum
183 3147 288 3212 modo
304 3147 397 3234 quod
414 3147 527 3232 capias
543 3157 739 3212 concoctum
755 3146 872 3210 didere
888 3146 997 3230 possis

99 3260 233 3328 artubus
249 3271 284 3327 et
298 3261 460 3328 stomachi
476 3260 657 3327 umidulum
674 3283 808 3326 servare
824 3270 989 3324 tenorem.

136 3372 233 3443 Nunc
248 3377 320 3442 aliis
335 3378 418 3442 alius
433 3377 489 3462 qui
506 3378 549 3442 sit
564 3378 657 3442 cibus
672 3378 790 3441 unicus
806 3385 905 3463 aptus
966 3459 970 3466 ⁸

103 3489 287 3572 expediam,
300 3513 464 3578 quareve,
475 3493 547 3557 aliis
563 3491 656 3578 quod
672 3495 767 3558 triste
784 3502 817 3557 et
832 3502 1026 3567 amararum,

56 3604 86 3649 ‘³5
103 3595 159 3664 hoc
172 3611 286 3672 tamen
301 3628 376 3672 esse
392 3607 464 3670 aliis
480 3609 588 3693 possit
602 3608 762 3694 perdulce
777 3607 897 3681 videri,

104 3720 254 3807 tantaque
268 3723 303 3785 in
317 3720 370 3785 his
385 3722 486 3786 rebus
503 3721 662 3786 distantia
678 3722 905 3807 differitasque
913 3771 922 3801 ,

105 3835 136 3890 ut
149 3835 239 3917 quod
254 3835 298 3900 ali
313 3836 407 3900 cibus
424 3846 476 3900 est
491 3835 562 3900 aliis
577 3836 650 3902 fuat
664 3859 740 3902 acre
755 3859 934 3912 venenuma

108 4063 273 4121 ⁶⁰8fueru1u
303 4067 313 4136 11
341 4074 390 4122 609
409 4070 449 4121 vis
476 4071 486 4136 11
515 4073 562 4120 611
583 4067 670 4138 Saepe
688 4085 769 4138 supra
797 4069 806 4136 11
834 4073 883 4118 612
903 4065 1040 4119 domorum
1059 4075 1191 4121 0111111111.
1217 4069 1227 4134 11

112 4145 230 4204 615Η11ο
261 4151 271 4221 11
302 4156 352 4202 616
371 4169 466 4222 opere.
503 4151 513 4220 11
549 4157 597 4204 622
616 4159 755 4203 manantes
786 4151 795 4216 11
831 4155 880 4202 614
900 4149 1006 4202 Umidei
1024 4149 1114 4220 lingua
1144 4149 1154 4218 11
1183 4167 1227 4201 su-

25 4244 29 4305 1
110 4221 188 4284 dantia
222 4235 232 4300 11
269 4239 316 4285 631
336 4251 445 4305 posses.
482 4238 492 4304 11
528 4241 577 4286 632
596 4234 711 4288 umidum
748 4233 758 4302 11
796 4239 844 4285 633
863 4243 893 4288 ut
911 4233 1061 4288 rideamus.
1094 4235 1103 4299 11
1135 4238 1184 4283 636
1203 4231 1228 4282 tu

29 4305 30 4320 ἢ
112 4316 260 4384 0161111111
281 4325 335 4370 est.
354 4320 364 4386 11
385 4323 433 4370 637
453 4318 509 4370 aliis
528 4317 603 4370 cibus
622 4319 632 4387 11
651 4317 722 4372 fruct·
