2946 5188
602 466 649 533 llI

76 658 188 722 suppus
198 685 205 713 ‚
217 645 251 701 et
265 637 300 700 in
314 644 406 700 terra
418 638 538 704 mentis
554 639 611 724 qui
626 639 772 725 gignitur
786 649 916 718 aestum

75 752 149 814 inter
162 749 306 835 dumque
323 753 418 836 quasi
433 752 617 838 exurgendi
630 754 758 819 incerta
771 755 941 822 voluntas.

15 881 54 926 115)
76 887 144 950 crgo
158 886 350 951 corpoream
365 873 518 931 natcuam
532 867 629 932 animi
644 890 718 933 esse
732 881 918 941 necessest.

75 980 230 1066 corporeis
246 979 402 1064 quoniam
418 981 492 1044 telis
506 980 642 1067 ictuque
656 983 802 1048 laborat.

109 1095 137 1158 ls
150 1094 207 1158 tibi
220 1115 311 1158 nunc
325 1095 452 1158 animus
468 1095 557 1179 quali
572 1096 616 1160 sit
630 1118 773 1183 corporo
789 1107 823 1163 et
836 1100 925 1164 undo

74 1208 249 1275 constiterit
262 1231 399 1294 pergam
413 1210 574 1274 rationem
589 1209 733 1274 reddere
749 1211 863 1276 dictis.

74 1323 220 1410 principio
236 1344 311 1388 esse
326 1323 379 1387 aio
394 1317 611 1410 persuptilem
626 1333 728 1410 atque
743 1327 875 1391 minutis

19 1455 53 1496 m·
72 1459 218 1522 perquam
233 1438 432 1524 corporibus
446 1437 572 1503 laetum
587 1447 759 1504 constare.
772 1441 806 1505 id
821 1442 868 1507 ita
883 1465 957 1506 csso

72 1551 141 1614 binc
153 1553 228 1617 licet
241 1550 401 1616 advertas
416 1553 557 1617 animum
571 1561 610 1618 ut
623 1575 826 1638 pernoscere
841 1558 965 1643 possis.

70 1667 110 1730 nil
123 1664 202 1731 adeo
216 1667 286 1730 lieri
302 1667 401 1731 celeri
415 1669 544 1732 ratione
558 1667 706 1744 videtur,

71 1802 157 1864 quam
173 1781 234 1846 sibi
248 1801 342 1846 mens
356 1781 427 1846 fieri
441 1783 600 1869 proponit
615 1790 650 1848 et
661 1783 800 1849 inchoat
814 1786 909 1870 ipsas
978 1768 982 1776 ’

69 1896 152 1960 ocius
166 1917 243 1982 ergo
259 1896 387 1960 animus
403 1918 502 1981 quam
516 1919 570 1962 res
586 1919 622 1961 se
636 1899 764 1984 perciet
778 1899 860 1972 ulla,

19 2025 50 2070 lo
68 2021 137 2074 ante
150 2012 264 2075 oeulos
279 2032 421 2096 quorum
435 2013 470 2075 in
483 2023 643 2100 promptu
657 2023 778 2078 natura
792 2013 941 2077 videtur:

68 2135 98 2188 at
111 2125 198 2210 qnod
211 2125 332 2190 mobile
347 2135 442 2191 tanto
458 2135 609 2212 operest,
621 2137 775 2194 constare
790 2127 945 2192 rutundis

67 2261 213 2324 perquam
228 2235 407 2305 seminibus
423 2240 524 2306 debet
538 2263 768 2328 perquamque
781 2241 929 2316 minutis,

68 2356 197 2421 momine
211 2357 258 2422 uti
273 2378 380 2442 parvo
395 2355 528 2442 possint
540 2355 673 2440 inpulsa
686 2356 829 2421 moveri.

67 2491 196 2556 namque
210 2479 364 2536 movetur
378 2491 467 2556 aqua
482 2477 516 2534 et
529 2470 659 2534 tantillo
674 2471 816 2534 momine
830 2469 942 2542 liutet,

22 2597 50 2642 m
67 2585 177 2672 quippe
191 2585 389 2650 volubilibus
405 2585 584 2671 parvisque
599 2594 712 2649 creata
725 2585 855 2671 figuris.

67 2707 96 2762 at
108 2709 220 2764 contra
234 2701 339 2765 mellis
355 2700 561 2764 constantior
577 2709 628 2764 est
642 2708 762 2765 natura

69 2823 95 2876 et
107 2815 187 2901 pigri
199 2816 317 2880 latices
330 2816 435 2900 magis
450 2822 484 2878 et
498 2815 707 2878 cunctantior
722 2822 833 2879 actus:

68 2925 171 2995 haeret
185 2931 272 2994 enim
285 2930 372 2993 inter
388 2951 424 2993 se
438 2929 542 3013 magis
558 2929 664 2993 omnis
678 2929 826 2992 materiai

68 3044 165 3127 copia,
176 3045 210 3108 ni
224 3045 357 3120 mirum,
369 3042 448 3128 quia
461 3063 530 3106 non
544 3050 613 3106 tam
626 3042 756 3106 levibus
771 3047 864 3104 extat

33 3170 52 3212 'u
68 3159 250 3244 corporibus
264 3179 372 3243 nequo
388 3165 455 3221 tam
470 3157 649 3242 suptilibus
663 3163 764 3240 atque
779 3153 948 3218 rutundis.
1007 3166 1011 3180 ¹

66 3291 192 3359 namque
206 3273 383 3360 papaveris
398 3293 480 3335 aura
494 3278 610 3357 potest
624 3289 789 3356 suspensa
803 3268 952 3352 levisque

68 3407 171 3473 cogere
185 3396 224 3452 ut
237 3389 279 3452 ab
294 3407 421 3452 summo
436 3386 497 3450 tibi
512 3383 641 3450 diffluat
655 3385 743 3448 altus
757 3405 914 3458 acervus,

68 3509 93 3563 at
104 3511 217 3567 contra
230 3500 377 3587 lapidum
393 3501 578 3565 conlectum
592 3499 728 3584 spiritus
743 3519 821 3562 acer

68 3635 159 3681 noenu
174 3623 304 3702 potest.
314 3617 415 3701 igitur
429 3615 626 3701 parvissima
640 3635 783 3702 corpora
796 3635 860 3698 pro
876 3633 974 3697 quam

68 3737 92 3792 ct
103 3731 262 3797 levissima
276 3738 371 3806 sunt,
382 3729 429 3793 ita
442 3729 624 3794 mobilitate
637 3727 808 3792 fruuntur:

68 3851 216 3924 utcontra
230 3865 317 3931 quae
332 3865 472 3930 cumque
487 3843 592 3928 magis
607 3865 680 3906 oum
693 3842 844 3928 pondere
859 3862 977 3927 magno

69 3976 235 4047 asperaque
248 3960 478 4035 inveniuntur,
490 3979 529 4021 eo
545 3957 691 4022 stabilita
704 3958 809 4042 magis
825 3963 919 4020 sunt.

67 4090 137 4138 nuno
149 4077 250 4162 iff'tur
266 4075 423 4160 quoniam
438 4081 490 4136 cst
504 4071 601 4136 animi
616 4079 737 4135 natura
750 4075 886 4156 reperta

71 4255 251 4270 Ἢ-

72 4353 107 4400 1ῖ3
122 4355 213 4408 Suavis
231 4355 242 4422 ΙΙ
260 4363 362 4408 mentes
381 4355 391 4420 ΙΙ
412 4358 458 4405 176
478 4349 606 4422 Corporis
625 4351 634 4419 ll
655 4356 701 4402 183
721 4350 743 4402 si
762 4351 772 4418 ΙΙ
796 4355 843 4404 198
861 4349 1011 4404 coniectum
1029 4347 1174 4418 spicarum·

71 4448 118 4497 'lle-
135 4439 144 4504 ll
161 4443 209 4492 203
229 4445 270 4491 cst
288 4444 421 4492 omissum.
