2990 5202
629 487 685 594 ‚lv
1147 487 1214 556 221

90 661 196 725 cretii
211 681 286 724 xxv
309 667 343 724 et
358 660 497 745 capituli
519 660 651 725 titulus.
674 681 714 725 ac
728 662 871 745 primum
894 660 1029 746 quidem
1046 661 1115 746 lanc
1134 661 1217 738 fuit,

94 759 246 838 Quorum
261 779 357 821 aarum
371 759 488 844 qaidmssi
502 759 604 822 leniter
617 759 644 820 ri
657 757 743 841 sorte
763 758 877 822 duobus
891 761 1032 846 Atriaque
1045 761 1162 845 dipilia,
1183 762 1218 825 in

90 877 170 920 eam
195 857 404 920 sententiam
425 877 526 940 quarn
546 855 715 920 Homerus
740 855 775 918 in
794 855 958 920 infinitum
978 858 1071 922 auxit
1094 857 1138 922 de
1157 880 1217 922 un·

89 961 228 1040 guento
245 952 386 1018 Iunonis
401 952 517 1018 dicens
539 953 604 1026 ΤοῨ
621 955 665 1016 καὶ
682 953 861 1025 κικγμὲκοιο
882 953 956 1016 Διὸς
973 954 1048 1018 κατὰ
1069 969 1217 1042 praecta-

90 1051 149 1116 τὲε
166 1050 365 1115 ΔώἜΜπΗε
382 1051 416 1116 ἑο
433 1053 518 1125 saida
533 1074 569 1115 τε
586 1053 632 1116 καὶ
648 1051 783 1136 cipauba
799 1051 871 1116 ἵκετ’
890 1051 993 1124 inuri
1004 1103 1010 1114 .
1022 1052 1144 1120 horum
1154 1055 1215 1142 igi-

91 1159 151 1214 tur
168 1149 343 1215 elementa
356 1150 574 1216 subtilissima
590 1171 664 1216 esse
679 1149 832 1222 dicebat,
850 1159 884 1214 et
899 1149 1033 1216 omnino
1049 1152 1216 1220 ricberta

91 1250 160 1314 ταῖς
182 1246 378 1312 aamercort
402 1247 646 1333 aarnepttrlrorc
668 1246 847 1333 aexprlcllar,
870 1255 908 1310 ut
929 1257 982 1312 est
1002 1249 1093 1334 apud
1115 1250 1217 1316 Latr-

92 1347 182 1410 tium
193 1345 273 1420 x‚47
284 1394 290 1408 .
302 1344 439 1410 videtur
454 1353 566 1410 tamen
577 1345 630 1409 bis
647 1344 811 1410 adiecisse
825 1367 887 1408 erre
900 1347 971 1410 item
982 1348 1103 1412 maiora
1117 1349 1217 1412 simu·

93 1442 210 1518 lacra,
236 1443 368 1510 scilicet
383 1465 402 1508 e
415 1445 529 1510 multis
551 1453 654 1530 atque
673 1443 855 1510 innumeris
875 1444 963 1508 inter
979 1465 1016 1508 se
1031 1446 1218 1512 coniunctis

94 1542 242 1616 effecta,
255 1551 296 1606 ut
306 1541 470 1628 fulgorem
482 1542 568 1628 ignis
583 1541 740 1616 aetherii,
753 1561 821 1626 quo
832 1541 921 1606 inter
933 1543 1117 1608 tonitruum
1128 1545 1218 1610 soni·

94 1650 154 1705 tus
190 1640 308 1706 omnia
341 1647 550 1724 occupentur
583 1648 617 1703 et
649 1639 902 1714 contineantur,
936 1663 1004 1716 our
1036 1663 1217 1708 ruuuiar

96 1761 238 1805 cuano
263 1737 401 1804 Ouum
424 1761 500 1800 rna
522 1757 700 1804 scurrus
719 1759 868 1812 ancer,
890 1759 1071 1814 raanan,
1093 1763 1217 1822 ulan,

96 1860 114 1898 o
124 1860 175 1902 arr
184 1861 205 1902 n
214 1861 237 1902 u
246 1859 287 1900 u.
301 1845 510 1921 postremum
521 1843 596 1900 crat
609 1836 692 1912 hoo,
708 1857 783 1900 cum
793 1843 890 1900 tanta
905 1836 950 1900 sit
964 1836 1218 1904 simulacrorum

96 1935 294 2011 subtilitas,
309 1934 383 2000 fieri
396 1956 464 2000 non
481 1957 583 2023 posse
598 1945 636 2000 ut
650 1934 782 2021 singula
799 1933 953 2000 sensibus
968 1937 1095 2000 nostris
1109 1939 1217 2023 perci·

95 2036 260 2118 piantur,
277 2033 403 2118 quippe
418 2057 505 2098 carra
518 2057 624 2113 amru,
640 2033 735 2119 quod
746 2043 799 2098 est
812 2033 847 2098 iu
862 2054 964 2098 versu
979 2034 1056 2099 128.
1070 2033 1156 2100 haec
1169 2037 1219 2100 ita

95 2134 171 2198 fere
187 2155 211 2196 a
226 2137 331 2218 poeta
352 2133 507 2215 exposita
519 2129 625 2196 fuisse
641 2132 742 2195 certis
762 2130 896 2195 indiciis
911 2131 984 2195 sine
1002 2130 1070 2195 ulla
1085 2131 1218 2198 dubita·

97 2233 196 2296 tione
214 2249 460 2314 cognoscamus
475 2228 570 2294 licet.
584 2229 692 2313 prima
705 2228 805 2292 huius
818 2229 896 2295 libri
915 2230 1038 2314 pagina
1051 2230 1085 2292 iu
1101 2230 1220 2296 codice

97 2353 141 2394 co
159 2351 206 2393 ex
223 2348 290 2412 quo
302 2326 411 2390 nostri
427 2324 589 2410 descripti
605 2333 684 2392 sunt
697 2326 842 2392 indicem
857 2327 1079 2412 capitulorum
1093 2330 1219 2404 tenuit,

97 2448 207 2512 quem
230 2423 340 2489 codex
362 2423 528 2510 oblongus
550 2425 584 2488 in
603 2445 723 2490 versus
738 2445 820 2488 xxv1
843 2423 1044 2509 dispositum
1064 2426 1218 2493 exhibet:

97 2547 180 2590 nam
192 2524 282 2588 haec
293 2543 380 2608 quae
394 2523 609 2588 subiecturus
624 2545 696 2588 sum
712 2522 842 2608 singula
856 2523 978 2609 singuli
988 2545 1107 2590 versus
1122 2533 1220 2601 sunt,

292 2653 308 2704 7
327 2651 368 2704 Dc
386 2652 523 2705 celeritate
540 2659 612 2706 tactu
631 2651 713 2705 videri

276 2737 305 2788 11
326 2736 367 2788 De
384 2737 470 2790 turbis
488 2736 522 2789 de
539 2738 632 2790 umbro
649 2736 763 2789 hominis

277 2820 307 2872 15
326 2820 367 2872 De
385 2819 482 2874 auditis
500 2837 659 2892 corpoream
677 2837 737 2874 esse
755 2837 846 2874 vocem

275 2903 309 2956 24
327 2903 370 2955 Dc
387 2903 546 2956 arribulando
575 2951 579 2960 .
616 2905 659 2956 Dc
677 2921 788 2956 somno.

99 3021 136 3084 in
148 3041 275 3083 aversa
284 3019 408 3104 pagina
418 3019 483 3082 fuit
494 3019 634 3102 primum
648 3018 780 3093 titulus,
796 3019 863 3083 Siti
874 3021 1126 3084 iucundissimum
1140 3047 1219 3111 ease,

101 3127 239 3190 cetera,
261 3135 348 3199 quae
369 3116 466 3199 quasi
485 3115 747 3198 primum'huius
761 3115 839 3179 libri
854 3135 987 3179 versum
1006 3117 1144 3184 exhibet
1158 3123 1218 3185 ob-

101 3216 247 3298 longus,
269 3210 457 3296 quadratus
471 3213 574 3278 minio
588 3213 717 3298 scripta
735 3212 921 3278 uncialibus
935 3213 1074 3290 litteris3
1096 3215 1220 3282 deinde

102 3331 228 3377 versus
243 3331 313 3373 xxv
326 3309 440 3394 primi.
450 3311 485 3374 iu
499 3310 627 3376 scheda
642 3310 794 3377 secunda
807 3333 926 3376 versus
940 3333 1005 3387 nu,
1021 3333 1041 3376 a
1056 3313 1097 3377 26
1111 3336 1220 3401 usque

104 3411 150 3477 ad
162 3409 222 3485 76,
243 3429 319 3472 cum
333 3410 432 3474 titulo
447 3417 525 3474 aute
543 3408 601 3474 29.
619 3410 655 3472 in
670 3408 783 3494 priore
797 3408 945 3473 schedae
960 3412 1081 3475 tertiae
1096 3415 1220 3500 pagina

105 3529 228 3572 versus
247 3512 369 3591 poetae
385 3506 624 3582 xxv‚77·-—101‚
645 3505 764 3572 titulus
779 3514 858 3570 ante
872 3506 930 3582 983
948 3507 982 3571 iu
997 3529 1119 3574 aversa
1138 3512 1219 3576 item

105 3629 175 3670 xxv
191 3603 399 3680 cumtitu10‚
422 3603 602 3668 102-126.
617 3605 729 3690 potuit
742 3605 845 3690 igitur
859 3604 932 3680 hic,
952 3607 1010 3671 ubi
1024 3629 1147 3674 sensam
1159 3611 1218 3676 im-

106 3702 362 3787 perferinam,
378 3700 503 3788 aliquid
515 3703 674 3788 periisse;
689 3723 757 3768 non
768 3704 865 3768 nimis
875 3703 981 3768 multu
995 3713 1124 3783 tamen,
1140 3708 1221 3792 quia
1240 3703 1242 3706 ’

108 3807 212 3886 pocta
223 3821 261 3864 se
272 3821 342 3866 rem
351 3801 464 3885 paucis
474 3799 598 3864 docere
614 3799 696 3865 dicit
711 3799 767 3864 115
777 3820 882 3886 pergo
894 3822 963 3865 non
977 3799 1049 3868 tres
1059 3805 1219 3890 paginae,

110 3898 170 3964 sed
185 3919 272 3964 una:
292 3919 370 3962 nam
385 3897 470 3964 duas
491 3897 611 3964 deesse
625 3919 694 3962 nou
713 3920 815 3984 posse
831 3899 997 3964 concedet
1011 3902 1069 3986 qui
1090 3923 1130 3966 ea
1143 3924 1219 3988 per·

111 3997 240 4081 ceperit
261 4017 347 4081 quac
371 3994 481 4060 dicam
502 3995 546 4058 a'd
566 3995 981 4081 versum144.‘nequeea
1000 3999 1122 4086 pagina
1136 4024 1220 4066 xxvi

111 4094 312 4160 carminibus
328 4094 498 4168 constitit,
513 4093 575 4158 sed
589 4092 653 4157 fuit
666 4094 700 4156 in
716 4114 757 4158 ea
770 4101 907 4178 praeter
922 4098 1070 4162 carmina
1084 4099 1220 4176 titulus,

112 4209 210 4272 quem
225 4191 354 4256 indices
366 4191 453 4257 libro
465 4193 651 4278 praepositi
663 4192 842 4267 exhibent,
857 4215 932 4258 oum
942 4196 1034 4262 intus
1044 4198 1133 4263 inter
1143 4219 1219 4263 ver·

113 4308 169 4352 sus
179 4311 248 4354 non
260 4299 470 4376 compareat,
488 4292 563 4357 Erae
577 4295 646 4356 item
660 4293 796 4356 omiora.
810 4313 869 4358 cos
880 4301 991 4360 autem
1002 4317 1121 4360 versus
1133 4315 1219 4382 quos

113 4381 190 4451 huic
205 4390 346 4475 paginae
362 4410 466 4474 supra
481 4391 635 4464 attribui,
651 4389 784 4455 Probus
800 4397 836 4454 et
846 4390 984 4458 Servius
998 4392 1219 4458 rettulerunt.

112 4479 214 4550 Probi
228 4488 334 4552 verba
349 4495 429 4552 suut
444 4487 528 4552 haec
547 4487 583 4552 in
598 4489 836 4554 commentario
853 4489 895 4554 ad
918 4492 1067 4576 eclogam
1084 4511 1116 4552 vr
1132 4487 1219 4551 Ver·
