3034 5198
661 514 693 582 11
1184 521 1231 588 97
1337 595 1341 600 ,

117 685 187 748 tius
202 686 287 748 tetri:
299 683 462 750 Marullus
474 697 575 772 torpes
585 688 736 774 olidiqne.
753 687 834 754 mihi
848 709 916 752 non
931 690 1065 756 videtur
1081 692 1230 759 dubitari

115 801 222 868 posse
238 780 319 865 quin
334 803 418 844 orni
433 795 593 870 turpesque
608 786 824 850 scribendum
839 787 899 851 sit.

202 875 759 968 422.Ouu1ssu1u,'s13:usus
789 907 865 960 cus
887 907 1046 952 uuncnr
1068 911 1229 965 cuncus

117 983 346 1042 vrnrsr'un.
364 979 508 1042 Videntur
523 1001 565 1044 ex
580 1001 682 1045 versu
697 983 872 1066 superiore
887 985 921 1046 in
933 983 1023 1050 hunc
1034 987 1228 1074 irrepsisse,

118 1075 197 1140 huic
219 1075 467 1141 substantivum
489 1076 681 1142 femininum
704 1079 823 1145 deesse
840 1127 847 1154 ‚
863 1081 1026 1146 Marullus
1048 1083 1156 1159 vidit,
1172 1087 1229 1170 qui

118 1175 257 1260 scripsit
276 1196 355 1260 quoe
367 1177 478 1240 mulcet
491 1201 586 1241 causo
605 1180 772 1265 iuratque3
792 1199 860 1242 non
882 1179 1040 1244 viderunt
1061 1183 1228 1248 Antonius

117 1273 219 1338 Marii
240 1279 275 1338 et
289 1271 522 1339 Wakefieldus
545 1324 553 1350 ‚
579 1276 701 1360 quibus
721 1276 850 1362 placuit
869 1277 997 1342 videndo
1012 1285 1048 1341 et
1060 1281 1227 1344 videntum.

117 1392 236 1435 verum
251 1376 304 1435 est
316 1394 419 1434 senus
433 1395 512 1458 quae
525 1375 776 1460 musicarumque
789 1395 944 1439 rrcure
968 1422 975 1436 .
999 1376 1065 1440 hoc
1088 1377 1227 1462 quinon
1316 1411 1328 1430 a

116 1468 364 1534 intellexissent
377 1471 450 1534 iure
464 1471 574 1534 notati
589 1479 669 1536 sunt
691 1491 712 1535 a
726 1470 986 1536 Schneidewiuo
1000 1473 1035 1536 iu
1049 1473 1228 1562 Philologc

118 1589 159 1630 ιιι
175 1566 293 1652 pote.

201 1663 271 1728 423.
287 1666 370 1729 Aur
385 1687 477 1730 erun
493 1689 758 1738 remoremur
774 1688 923 1742 screno
939 1689 1117 1732 nrvrosr
1134 1691 1227 1736 ons·

117 1782 264 1824 ernsr.
280 1760 476 1841 Quadratus
491 1765 603 1828 leniora
613 1813 620 1828 .
632 1765 704 1830 eius
720 1772 895 1830 corrector
909 1763 1026 1830 Hsun
1041 1814 1048 1830 .
1063 1767 1227 1834 Aventius

120 1858 217 1926 Haud
227 1860 291 1923 dite
306 1863 480 1925 calvono.

200 1955 271 2020 427.
287 1979 428 2022 ruens
448 1980 711 2024 uuonoursus
732 1982 889 2036 unone:
911 1959 990 2025 Suo
1010 1983 1133 2027 uncis
1153 1985 1227 2028 eu-

118 2077 254 2120 orcus
269 2076 430 2119 necnon
445 2058 983 2122 ruosrnurrnusTrrrmnne
999 2079 1123 2124 neers
1138 2083 1228 2126 snu-

116 2175 186 2217 sus
201 2174 310 2229 ouen
324 2175 510 2216 renuens
525 2154 1082 2240 rossuur.Eprimiversustine
1096 2181 1155 2242 qne
1170 2158 1227 2224 de·

27 2301 30 2308 .
114 2249 253 2315 lendum
269 2269 344 2312 esse
358 2249 518 2313 viderunt
531 2250 625 2324 Itali,
637 2249 695 2334 qui
709 2250 858 2314 secundo
874 2249 1080 2315 addiderunt
1095 2263 1122 2316 et
1131 2277 1227 2339 quae,

115 2346 209 2432 quod
225 2345 632 2423 maloscribiouruoun
657 2348 1227 2430 .porroeuornn1sctT1r1u·

114 2470 133 2508 ι.
142 2467 220 2508 ens
235 2442 312 2508 Itali
327 2491 334 2506 .
348 2453 476 2528 possum
489 2443 676 2528 quadratus
693 2451 727 2508 et
741 2444 906 2523 schedas,
912 2447 1031 2531 posim
1044 2447 1228 2536 oblongus,

115 2541 209 2616 Itali,
221 2541 298 2604 olim
314 2541 485 2626 impressi.

199 2641 270 2705 430.
292 2637 459 2704 Fronte
487 2661 561 2703 reu
583 2662 692 2716 ouon
716 2663 764 2704 nn
789 2663 944 2706 consur
966 2663 1038 2704 rsr
1061 2665 1227 2709 ruvree·

117 2759 193 2813 Qun
207 2759 406 2802 seroces.
423 2739 472 2802 De
488 2736 656 2822 quadrato
672 2739 874 2816 abestque
890 2739 927 2802 de
940 2737 1226 2818 Itnli,anbinus

116 2856 370 2910 recensens.

198 2931 268 2996 437.
283 2932 369 2995 Aur
385 2954 499 2996 iuver
516 2955 717 2997 cremeas
733 2983 740 2998 .
756 2933 913 2998 Schcdae
928 2933 1061 2998 Adiuvat
1077 2984 1083 2998 .
1101 2958 1225 3000 sonn-

116 3054 137 3094 n
147 3051 238 3094 raus
254 3028 421 3093 Antonius
436 3030 535 3092 Marii
550 3036 584 3093 et
599 3030 781 3094 Marullus

198 3125 269 3190 438.
284 3126 370 3188 Aur
391 3147 440 3187 nx
463 3147 670 3189 orruusu.
696 3125 801 3188 Immo
822 3126 963 3199 Arnus
985 3170 992 3187 .
1015 3124 1117 3188 ruodo
1140 3129 1226 3192 enim

115 3223 252 3288 dixerat
266 3242 399 3285 sonsum
414 3220 498 3285 nihil
513 3220 604 3286 aliud
619 3242 693 3286 esse
708 3222 773 3286 uisi
789 3227 918 3285 tactum
936 3267 945 3300 ,
969 3221 1026 3304 qui
1045 3219 1106 3284 fiat
1124 3225 1226 3288 rebus

115 3320 170 3385 vel
180 3319 388 3384 intrantibus
398 3319 432 3382 in
445 3339 569 3406 corpus
581 3319 636 3382 vel
647 3341 689 3382 ex
700 3339 741 3384 eo
754 3316 1004 3403 egredientibus
1019 3367 1026 3382 .
1043 3340 1132 3383 nuno
1146 3322 1226 3388 sub·
1330 3311 1336 3326 ’

114 3419 174 3484 icit
188 3437 308 3482 sensus
322 3416 435 3480 varios
451 3437 587 3502 quoque
609 3423 643 3481 et
664 3415 824 3482 confusos
845 3413 951 3490 oriri,
971 3437 1046 3479 cum
1070 3418 1172 3480 atomi
1191 3419 1226 3482 in

114 3517 191 3601 ipso
207 3533 351 3598 corpore
366 3535 440 3578 sese
456 3515 661 3580 conturbent
680 3561 688 3578 .
712 3513 875 3578 Marullus
896 3533 965 3576 non
982 3520 1075 3578 recte
1090 3515 1226 3601 scripsit

116 3611 359 3700 confitendumque
372 3637 383 3674 :
400 3610 486 3676 haec
500 3612 587 3676 enim
602 3613 690 3676 inter
705 3632 742 3675 se
757 3632 826 3675 non
841 3612 1042 3686 concinunt,
1062 3613 1172 3677 Tacen
1185 3625 1228 3678 est

114 3733 236 3784 semna,
251 3733 321 3774 uem
333 3711 449 3773 semino
463 3709 652 3797 confundent
663 3732 798 3774 senmm.

198 3806 269 3871 450.
284 3806 398 3871 Arre
414 3828 814 3882 Quercus—vocs
830 3827 1063 3870 rannerus.
1086 3803 1226 3872 Correo·

116 3915 171 3968 tor
190 3903 346 3990 quodrati
358 3912 393 3968 et
404 3904 508 3968 ceteri
518 3905 686 3978 Aeacon
704 3925 806 3989 piae.
827 3904 1226 3968 vocrresssrunAn·

116 3999 231 4066 tonius
245 4000 345 4065 Marii
359 4008 394 4065 ot
408 3999 591 4065 Marullus.

198 4097 268 4162 451.
283 4121 333 4162 rx
347 4121 520 4164 arvinus
536 4147 544 4162 .
564 4097 639 4162 Hoc
655 4097 759 4162 semel
773 4096 828 4160 hic
841 4097 877 4160 in
892 4095 1095 4180 exemplaria
1108 4107 1227 4164 nostra

114 4195 269 4279 irrepsit:
284 4217 303 4258 s
318 4196 429 4260 lenibus
443 4197 606 4281 scriptum
622 4199 718 4260 extet
730 4194 765 4258 in
781 4215 882 4258 versu
895 4193 958 4258 402
969 4194 1031 4260 455
1042 4194 1105 4260 458
1115 4195 1177 4260 466
1193 4204 1228 4262 et
1251 4267 1256 4276 ,

114 4294 148 4357 io
163 4313 194 4365 v,
204 4292 265 4356 455
277 4317 286 4368 3
300 4293 415 4378 itaque
429 4294 464 4358 in
479 4293 601 4358 ceteris
617 4313 759 4377 quorum
775 4291 882 4376 prima
896 4290 1010 4356 littera
1025 4293 1122 4366 esti,
1137 4317 1154 4354 e
1167 4294 1225 4376 liq-

113 4392 162 4454 uis
169 4415 206 4470 ‚c
221 4391 323 4468 loono,
335 4416 351 4454 e
365 4393 430 4456 lewe
438 4439 446 4470 ,
457 4415 473 4454 e
486 4391 589 4475 lapide
603 4391 676 4454 lice.

197 4487 267 4553 452.
291 4510 467 4552 seuvino
490 4511 564 4564 nur
587 4509 774 4552 consone
795 4509 971 4562 orsurus
993 4508 1225 4552 cousrnur.

1010 4605 1020 4646 t
