2972 5188
652 471 685 536 V
1045 504 1048 510 ·
1152 480 1220 545 327

107 644 213 708 locuti
224 653 305 708 sunt
315 665 404 708 novo
416 665 526 720 more,
539 655 685 731 postque
698 668 756 710 eos
768 647 947 712 Phaedrus
959 649 1053 733 inryii
1060 699 1069 728 ,
1081 651 1219 722 luscinii,

109 741 292 805 Columella
306 743 340 806 in
355 765 386 817 x,
399 741 456 807 182
471 742 533 806 356
551 743 677 807 Caecilii
699 751 734 807 et
756 746 923 809 rnarruhii.
946 747 1055 812 minus
1071 755 1219 827 certum,

104 849 208 924 puto,
223 841 258 904 in
270 840 414 924 Priapeo
426 841 467 904 50
480 842 652 925 supercilii,
668 842 725 906 ubi
737 842 884 907 ablativo
897 847 1024 928 pariter
1040 846 1134 910 locus
1149 855 1218 910 est:

106 937 230 1012 Dirae,
252 938 441 1012 Moretum,
465 937 623 1013 Gratius,
647 940 951 1024 epitomelliados,
969 943 1074 1019 Ciris,
1096 943 1217 1016 Culex,
1322 979 1325 986 ·

107 1035 220 1099 neutri
230 1035 320 1120 parti
331 1035 463 1101 favent.
479 1045 597 1101 tenent
607 1059 731 1101 novum
742 1058 869 1102 morem
883 1040 1028 1114 Seneca,
1044 1041 1216 1111 Lucanus,

105 1133 286 1197 Petronius
299 1182 306 1209 ,
319 1133 474 1200 Valerius
488 1135 648 1210 Flaccus,
665 1136 815 1213 Statius,
830 1137 950 1213 Silius,
964 1139 1149 1215 Martialis,
1165 1141 1217 1206 lu-

103 1233 248 1296 venalis.
264 1232 461 1318 Propertius
475 1254 557 1297 vero
573 1230 777 1298 adiectivum
790 1255 924 1319 quoque
934 1256 1057 1298 nomen
1069 1231 1216 1299 breviori

102 1327 163 1390 illa
177 1329 323 1415 genetivi
344 1329 524 1394 inflexione
556 1329 696 1403 extulit,
718 1330 781 1395 sed
796 1351 916 1406 unum,
940 1333 1035 1397 Nunc
1049 1333 1129 1398 loeis
1143 1335 1218 1397 inci-

97 1428 190 1510 piam
210 1449 318 1490 caenas
340 1429 461 1512 aperire
476 1426 614 1504 Feretri,
638 1435 673 1490 et
688 1427 771 1492 Hinc
789 1428 906 1492 Feretri
927 1431 1008 1494 dicta
1031 1441 1073 1494 eet
1086 1454 1154 1514 ¹ara
1167 1455 1217 1494 su·

95 1524 198 1609 perha
212 1521 308 1588 loeis.
331 1524 419 1590 idem
435 1527 493 1609 qui
508 1533 645 1610 praeter
659 1526 750 1590 hunc
765 1528 837 1590 ausi
853 1527 939 1600 sint,
960 1525 1153 1591 Iuvenalem
1166 1527 1215 1591 in·

101 1623 223 1697 venio,
246 1624 338 1687 cuius
353 1633 405 1686 est
419 1624 453 1685 in
468 1624 573 1686 satira
588 1645 632 1696 vr,
642 1623 703 1687 385
718 1625 849 1688 concinis
862 1627 964 1710 Appi,
989 1634 1021 1689 et
1037 1625 1216 1700 Senecam,

102 1721 163 1804 qui
175 1721 310 1805 scripsit
321 1722 355 1784 in
364 1720 554 1806 Hippolyto
568 1720 649 1786 1022
660 1745 772 1785 scarnen
783 1722 940 1807 Phridauri
949 1724 1011 1802 dei,
1023 1744 1099 1786 nam
1112 1723 1216 1788 fuisse

101 1819 161 1903 qui
176 1817 282 1904 Satyri
301 1820 423 1882 Tarenti
438 1820 472 1881 in
488 1819 656 1906 georgicis
672 1819 816 1905 Vergilii
832 1843 866 1893 ιι,
880 1819 937 1883 197
954 1829 989 1883 et
1002 1823 1133 1906 scopulis
1147 1845 1215 1885 snr-

100 1919 173 1980 dior
187 1917 288 1989 Icari,
304 1915 397 2001 quod
413 1925 466 1981 est
482 1918 573 2002 apud
588 1917 766 1981 Horatium
782 1939 882 1981 carm.
896 1941 945 1996 ιιι,
955 1916 1028 1990 7,21
1042 1965 1050 1992 ,
1066 1920 1114 1982 ita
1129 1921 1216 1983 aeci·

100 2017 226 2097 pereat
235 2015 331 2098 quasi
341 2023 454 2078 essent
463 2015 581 2100 Satyrii
591 2023 624 2077 et
634 2016 745 2092 Icarii,
755 2037 865 2099 neque
874 2013 1036 2078 credibile
1046 2022 1217 2100 estneque

100 2111 240 2196 dignum
256 2112 430 2174 memoria.
446 2131 554 2194 nuper
571 2119 681 2175 tamen
698 2112 799 2176 bomo
816 2111 951 2197 quidam
969 2113 1096 2178 doctus
1107 2115 1215 2178 comici

100 2233 221 2273 versum
243 2229 342 2292 quem
362 2207 445 2272 dicit
458 2207 585 2282 Plinius
605 2210 640 2272 in
661 2210 824 2274 naturalis
847 2210 1218 2286 historiaexrv,14,16,

101 2327 167 2390 pro
183 2303 356 2368 Luciliano
378 2305 573 2370 hexametro
588 2305 777 2370 venditavit
796 2307 892 2372 nimis
913 2329 1033 2374 secure
1047 2310 1095 2372 ita
1110 2309 1216 2393 scrip·

100 2413 192 2477 tum,
219 2404 360 2490 Quinque
377 2404 471 2468 Thasi
490 2406 551 2468 cirri
573 2406 766 2489 depromam,
790 2407 862 2470 hina
877 2405 1024 2471 Faiemci.
1047 2407 1127 2472 mihi
1144 2429 1215 2472 cer·

100 2511 173 2566 tum
188 2501 323 2566 videtur
337 2501 479 2566 Plinium
501 2502 592 2566 hunc
615 2523 750 2566 versum
766 2501 893 2568 referre
909 2505 953 2570 ad
971 2513 1124 2590 tempora
1140 2504 1215 2570 Sul-

100 2602 195 2665 lana:
208 2609 354 2666 ceterum
368 2600 483 2687 copias
492 2600 595 2686 Siligii
609 2601 840 2687 expectandae
853 2623 975 2666 censeo
985 2651 993 2677 ,
1005 2623 1067 2667 nec
1079 2623 1216 2688 possum

101 2699 216 2763 dicere
239 2721 337 2784 quam
360 2720 439 2764 vere
462 2698 676 2764 scribendum
700 2699 899 2764 coniecerim
925 2702 1004 2781 erin
1028 2702 1133 2766 Thasii
1154 2703 1216 2765 vini

99 2799 346 2882 denaprcmam,
357 2799 429 2860 hina
440 2795 570 2860 hhierai
580 2799 679 2862 dolia.
692 2818 796 2880 porro
808 2799 1097 2863 substantivorum
1111 2799 1216 2864 Grae·

102 2918 218 2960 corum
239 2898 413 2982 genetivos
435 2895 469 2956 in
485 2895 634 2957 vocalem
652 2897 663 2955 i
677 2895 858 2977 simplicem
876 2905 1036 2960 exeuntes
1051 2917 1119 2959 non
1135 2895 1216 2960 nulli

99 2996 307 3077 probarunt,
322 2993 371 3054 ita
386 3000 498 3054 tamen
514 2992 541 3052 si
557 3001 636 3054 ante
653 3011 724 3054 eam
740 2992 855 3073 plures
871 3012 984 3055 morae
1001 3001 1130 3066 essent,
1147 3015 1215 3056 non

100 3111 170 3153 una
181 3097 309 3152 tantum
320 3111 327 3150 :
338 3109 415 3151 nam
427 3087 621 3150 Priscianus
636 3089 882 3171 imperitissime
895 3090 928 3151 in
940 3088 1111 3152 Aeneidos
1123 3113 1144 3162 1,
1154 3089 1214 3152 222

103 3188 182 3251 hirta
192 3187 278 3274 'Lyci
291 3186 533 3270 interpretatur
550 3185 658 3272 Lycii,
675 3206 704 3268 p.
714 3185 795 3258 946,
818 3195 853 3248 et
868 3185 954 3250 dixit
968 3185 1091 3250 Bromii
1106 3187 1216 3251 tribus

100 3285 242 3372 syllabis
263 3283 375 3349 Varro
398 3282 489 3368 apud
510 3283 656 3348 Nonium
678 3284 768 3368 ptl,
781 3285 837 3358 18,
862 3283 1069 3371 Desroadem,
1094 3284 1215 3348 Bromii

99 3384 308 3449 autrcnrnitctis
321 3384 443 3447 recidam
460 3432 468 3457 ,
488 3384 551 3448 nisi
567 3393 679 3448 tamen
694 3383 729 3448 id
743 3405 866 3448 nomen
882 3383 997 3468 potius
1012 3381 1215 3447 adiectivum

101 3491 171 3548 est.
187 3482 353 3567 sicigitur
368 3481 508 3546 Plautus
528 3483 667 3569 Talthyhi
679 3484 715 3546 in
731 3482 849 3548 Sticho
866 3507 900 3557 11,
910 3481 939 3561 2,
948 3481 1006 3562 33,
1024 3483 1167 3568 yymnasi
1180 3483 1213 3546 in

102 3579 284 3645 Bacchisin
296 3602 345 3654 ιιι,
354 3579 382 3651 3,
391 3579 428 3644 21
440 3627 448 3656 ,
460 3581 638 3646 Lucretius
647 3584 742 3667 Aeyi,
755 3582 895 3660 absinthi,
907 3583 1057 3659 centauri,
1069 3580 1214 3667 conchyli,

100 3679 252 3742 Catullus
275 3679 359 3742 Pelei
386 3681 532 3754 montis,
562 3681 699 3767 conchyli
713 3729 720 3754 ,
745 3683 909 3768 yymnasi,
940 3678 1083 3742 Ovidius
1113 3678 1215 3741 semel

105 3779 201 3863 Rheyi
220 3786 351 3840 metam.
369 3778 487 3852 xrv,ir,
509 3781 619 3843 Aconti
641 3779 675 3842 ia
696 3779 840 3862 Priapco
864 3801 943 3850 xvi,
965 3777 1095 3840 halaresti
1116 3773 1214 3838 Colu-

101 3876 198 3940 mella
211 3876 246 3940 in
261 3899 292 3948 x,
303 3875 378 3950 297,
394 3875 524 3939 Statius
540 3876 569 3939 Τ
574 3875 647 3940 heb.
660 3893 704 3947 ιιι,
714 3877 775 3940 636
791 3877 855 3938 Lai
862 3924 870 3954 ,
888 3873 981 3958 quod
996 3873 1118 3936 vitiose
1134 3873 1214 3936 scri-

99 3976 190 4038 bitur
206 3975 297 4038 Luii.
320 3963 478 4038 Horatius
494 3975 537 4037 ad
553 3973 642 4037 hunc
658 3973 794 4037 modum
811 3973 899 4036 dixit
914 3971 1026 4036 Libros
1039 3972 1166 4034 Panaeti
1182 3977 1215 4035 et

103 4073 233 4158 Dionysi
238 4072 328 4160 silias
336 4098 346 4134 .·
364 4069 407 4135 de
421 4072 489 4136 hoc
506 4073 592 4136 enim
607 4071 750 4136 Bentleii
766 4070 967 4134 sententiam
983 4070 1142 4155 probabit
1158 4069 1215 4154 qui

100 4191 139 4232 ea
156 4167 421 4234 consideraverit
437 4191 523 4254 quae
540 4169 680 4234 Carolus
696 4168 823 4232 Keilius
837 4167 869 4230 in
887 4167 1066 4252 specimine
1081 4187 1216 4232 onoma-

100 4268 207 4353 tologi
231 4266 370 4341 Graeci,
392 4267 527 4352 Lipsiae
550 4289 638 4332 anno
665 4269 743 4332 1840
766 4266 878 4340 edito,
900 4266 1089 4350 disputavit
1110 4289 1140 4351 p.
1156 4264 1214 4330 24,

107 4385 167 4430 nec
190 4363 288 4430 laoile
310 4381 509 4450 quemquam
528 4367 680 4453 Dionysus
696 4364 953 4430 Trimalchionis
976 4385 1093 4428 servus
1115 4360 1214 4424 alior-

102 4485 173 4527 sum
199 4463 329 4528 trahet.
354 4463 415 4528 sed
436 4464 533 4550 longe
556 4464 698 4528 maxima
723 4486 803 4547 pars
828 4471 1001 4550 poetarum
1021 4462 1085 4524 hac
1108 4459 1216 4522 forma
1305 4503 1309 4510 ·
